timestamp,bid1_price,bid1_qty,bid2_price,bid2_qty,bid3_price,bid3_qty,bid4_price,bid4_qty,bid5_price,bid5_qty,ask1_price,ask1_qty,ask2_price,ask2_qty,ask3_price,ask3_qty,ask4_price,ask4_qty,ask5_price,ask5_qty,spread,midprice,total_buy_qty,total_sell_qty
2026-06-12T04:19:56.003,55903.2,90,55896,90,55892.2,120,55892,150,55891.8,30,55920,150,55925,30,55929.8,120,55930,270,55931,120,16.80000000000291,55911.6,480,690
2026-06-12T04:19:57.112,55903.2,90,55896,90,55892.2,120,55892,150,55891.8,30,55920,150,55925,30,55929.8,120,55930,270,55931,120,16.80000000000291,55911.6,480,690
2026-06-12T04:19:58.223,55903.2,90,55896.2,90,55892.2,120,55892,150,55891.8,90,55920,150,55925,30,55929.8,120,55930,270,55931,120,16.80000000000291,55911.6,540,690
2026-06-12T04:19:59.330,55915,150,55903.2,90,55896,120,55895.8,90,55895.6,120,55920,150,55925,30,55930,270,55931.2,150,55931.8,60,5,55917.5,570,660
2026-06-12T04:20:00.441,55915,150,55903.2,90,55896,120,55895.8,90,55895.6,120,55920,150,55925,30,55930,270,55931.2,150,55931.8,60,5,55917.5,570,660
2026-06-12T04:20:01.557,55915,210,55894.2,90,55894,30,55892.2,120,55892,150,55920,90,55925,30,55930,390,55931.2,150,55931.6,120,5,55917.5,600,780
2026-06-12T04:20:02.663,55902,30,55893.4,90,55892,30,55889.8,120,55889.6,30,55920,90,55924.8,120,55925,30,55926.6,120,55926.8,150,18,55911.0,300,510
2026-06-12T04:20:03.769,55903,60,55902,30,55893,210,55892.2,120,55892,30,55920,90,55925,30,55928.6,120,55928.8,150,55929.2,120,17,55911.5,450,510
2026-06-12T04:20:04.899,55903,60,55902,30,55893.8,90,55892.2,120,55892,30,55920,90,55925,30,55928.6,120,55928.8,150,55929.4,120,17,55911.5,330,510
2026-06-12T04:20:06.031,55903,60,55902,30,55893,210,55892.2,120,55892,30,55920,90,55925,30,55928.6,120,55928.8,150,55929.2,120,17,55911.5,450,510
2026-06-12T04:20:07.149,55903,120,55902,30,55894,120,55893.8,90,55892.2,120,55920,90,55925,30,55928.6,120,55928.8,150,55929.4,120,17,55911.5,480,510
2026-06-12T04:20:08.283,55903,120,55902,30,55894,120,55893.8,90,55892.2,120,55920,90,55925,30,55928.6,120,55928.8,150,55929.4,120,17,55911.5,480,510
2026-06-12T04:20:09.649,55903,120,55902,30,55893.8,90,55892.2,120,55892,30,55920,90,55925,180,55928.6,120,55928.8,150,55929.8,120,17,55911.5,390,660
2026-06-12T04:20:10.763,55903,120,55902,30,55892.8,120,55892.6,90,55892.2,120,55919.8,30,55920,60,55925,180,55928.6,120,55928.8,150,16.80000000000291,55911.4,480,540
2026-06-12T04:20:11.874,55919.8,30,55903,60,55902,30,55893.8,210,55893.4,120,55920,60,55925,180,55928.6,120,55928.8,150,55929.8,120,0.19999999999708962,55919.9,450,630
2026-06-12T04:20:12.975,55919.8,30,55903,60,55902,30,55894.6,30,55893.6,120,55925,90,55928.8,150,55929.8,120,55930,420,55930.2,120,5.19999999999709,55922.4,270,900
2026-06-12T04:20:14.089,55903,60,55902,30,55893.8,90,55892.2,120,55892,30,55920,90,55925,30,55928.6,120,55928.8,150,55929.4,120,17,55911.5,330,510
2026-06-12T04:20:15.195,55903,30,55902,30,55892,30,55888.6,60,55888,90,55922.2,30,55923,240,55923.6,120,55923.8,240,55924,120,19.19999999999709,55912.6,240,750
2026-06-12T04:20:16.310,55919.8,90,55902,30,55892,30,55890.4,30,55889.4,90,55925,90,55925.2,30,55925.8,120,55926.2,30,55926.6,210,5.19999999999709,55922.4,270,480
2026-06-12T04:20:17.424,55903,30,55902,30,55892,30,55889.2,120,55889,30,55924.8,120,55925,210,55925.2,30,55925.4,180,55926,60,21.80000000000291,55913.9,240,600
2026-06-12T04:20:18.545,55903.2,60,55903,60,55902,30,55892,30,55889.4,120,55920.8,30,55925,90,55926.6,180,55927,30,55927.2,150,17.60000000000582,55912.0,300,480
2026-06-12T04:20:19.655,55903,30,55902,30,55892,30,55888.6,60,55888,90,55922.2,30,55923,240,55923.6,120,55923.8,240,55924,120,19.19999999999709,55912.6,240,750
2026-06-12T04:20:20.763,55903.2,90,55903,30,55902,30,55892.2,120,55892,30,55920.8,30,55925,90,55929,60,55929.2,150,55929.4,180,17.60000000000582,55912.0,300,510
2026-06-12T04:20:21.867,55903.2,60,55903,30,55902,30,55892,30,55890.8,120,55920.8,30,55925,90,55927.4,120,55927.6,30,55928.6,120,17.60000000000582,55912.0,270,390
2026-06-12T04:20:22.983,55903.2,60,55903,30,55902,30,55892,30,55890.8,120,55920.8,30,55925,90,55927.2,120,55927.4,150,55928.6,120,17.60000000000582,55912.0,270,510
2026-06-12T04:20:24.098,55903.2,90,55903,30,55902,30,55892.2,120,55892,30,55920.8,30,55925,90,55929,60,55929.2,150,55929.4,180,17.60000000000582,55912.0,300,510
2026-06-12T04:20:25.205,55904.2,90,55902,30,55892,30,55888.8,120,55888.6,60,55923,30,55924.2,120,55925,90,55925.2,150,55925.6,60,18.80000000000291,55913.6,330,450
2026-06-12T04:20:26.313,55904.2,60,55902,30,55892,30,55888.8,120,55888.6,60,55923,30,55924.2,120,55924.8,120,55925,240,55925.2,150,18.80000000000291,55913.6,300,660
2026-06-12T04:20:27.427,55904.2,60,55902,30,55892,30,55888.8,120,55888.6,60,55924.2,120,55924.8,150,55925,210,55925.2,150,55925.6,30,20.0,55914.2,300,660
2026-06-12T04:20:28.536,55904.2,60,55902,30,55892,30,55888.8,120,55888.6,60,55924.2,120,55924.8,120,55925,210,55925.2,150,55925.6,30,20.0,55914.2,300,630
2026-06-12T04:20:29.652,55904.2,60,55902,30,55892,30,55888.8,120,55888.6,60,55924.2,120,55924.6,60,55924.8,120,55925,210,55925.2,150,20.0,55914.2,300,660
2026-06-12T04:20:30.756,55904.2,90,55902,30,55892,30,55888.8,120,55888.6,60,55923,30,55924.2,120,55925,90,55925.2,150,55925.6,60,18.80000000000291,55913.6,330,450
2026-06-12T04:20:31.869,55904.2,60,55902,30,55892,30,55888.8,120,55888.6,60,55924.8,120,55925,210,55925.2,150,55926,30,55926.2,120,20.60000000000582,55914.5,300,630
2026-06-12T04:20:33.001,55904.2,90,55902,30,55892,30,55888.8,120,55888.6,60,55923,30,55924.2,120,55925,90,55925.2,150,55925.6,60,18.80000000000291,55913.6,330,450
2026-06-12T04:20:34.119,55904.2,60,55902,30,55892,30,55888.6,60,55887.4,120,55923.2,180,55923.4,30,55924.4,270,55924.6,180,55924.8,150,19.0,55913.7,300,810
2026-06-12T04:20:35.221,55904.2,30,55902,30,55892,30,55888.6,60,55887.4,120,55919.8,60,55923,120,55923.2,180,55924.2,120,55924.4,150,15.60000000000582,55912.0,270,630
2026-06-12T04:20:36.340,55904.2,30,55902,30,55892,30,55888.6,60,55886.2,120,55919.8,30,55923.2,180,55923.8,120,55924,150,55924.2,30,15.60000000000582,55912.0,270,510
2026-06-12T04:20:37.456,55905.2,30,55904.4,30,55902,30,55892,30,55888.8,120,55919.8,30,55923.2,180,55923.4,30,55924.4,210,55924.6,90,14.60000000000582,55912.5,240,540
2026-06-12T04:20:38.579,55904.4,30,55902,30,55892,30,55888.6,60,55886.4,120,55919.8,30,55923.2,120,55923.6,120,55923.8,150,55924,30,15.400000000001455,55912.100000000006,270,450
2026-06-12T04:20:39.680,55904.2,60,55902,30,55892,30,55888.8,120,55888.6,60,55924.2,120,55924.6,60,55924.8,120,55925,210,55925.2,150,20.0,55914.2,300,660
2026-06-12T04:20:41.916,55902,30,55892,30,55888.8,120,55888.6,60,55885.4,120,55919.8,30,55924.2,150,55924.4,300,55925,90,55925.2,180,17.80000000000291,55910.9,360,750
2026-06-12T04:20:43.027,55902,30,55892,30,55888.8,120,55888.6,60,55886.8,120,55919.8,30,55922.8,120,55923,30,55924.2,120,55924.4,210,17.80000000000291,55910.9,360,510
2026-06-12T04:20:44.145,55902,30,55892,30,55888.6,60,55886.8,120,55886.6,30,55919.8,30,55920,30,55922.8,120,55923,30,55923.8,120,17.80000000000291,55910.9,270,330
2026-06-12T04:20:45.257,55892,30,55884.4,30,55884,120,55883.8,210,55883.6,180,55902,30,55919.8,30,55920,30,55922.8,120,55923,60,10,55897.0,570,270
2026-06-12T04:20:46.365,55902,60,55892,30,55886.8,120,55886.6,30,55886.2,120,55919.8,30,55920,30,55923,30,55923.4,30,55924.8,120,17.80000000000291,55910.9,360,240
2026-06-12T04:20:47.477,55902,60,55892.2,120,55892,30,55891.2,120,55891,60,55919.8,30,55920,30,55923,30,55925,90,55929.2,180,17.80000000000291,55910.9,390,360
2026-06-12T04:20:48.583,55902,60,55900,30,55892.2,120,55892,180,55891.8,120,55920,30,55923,30,55925,90,55929,120,55929.2,180,18,55911.0,510,450
2026-06-12T04:20:49.695,55903,30,55902,60,55900,30,55895.2,120,55895,30,55920,30,55923,30,55925,90,55929.2,30,55930,270,17,55911.5,270,450
2026-06-12T04:20:50.921,55902,60,55892.2,120,55892,30,55891.2,120,55891,60,55919.8,30,55920,30,55923,30,55925,90,55929.2,180,17.80000000000291,55910.9,390,360
2026-06-12T04:20:52.041,55902,60,55892,30,55886.8,120,55886.6,30,55886.2,120,55919.8,30,55920,30,55923,30,55923.4,30,55924.8,120,17.80000000000291,55910.9,360,240
2026-06-12T04:20:53.147,55903,30,55902,60,55900,30,55895.2,120,55895,30,55920,30,55923,30,55925,90,55929.2,30,55930,270,17,55911.5,270,450
2026-06-12T04:20:54.260,55902,60,55900,30,55899,90,55898.8,90,55898.6,240,55920,30,55923,30,55925,120,55930,270,55933.2,30,18,55911.0,510,480
2026-06-12T04:20:55.384,55902.2,60,55900,30,55899.2,30,55899,60,55898.8,90,55923,30,55925,120,55930,270,55933.2,30,55935,60,20.80000000000291,55912.6,270,510
2026-06-12T04:20:56.494,55902.2,60,55900,30,55898.4,30,55898,60,55897,60,55920,90,55923,30,55925,120,55930,180,55933.2,30,17.80000000000291,55911.1,240,450
2026-06-12T04:20:57.608,55902,60,55900,30,55895.8,180,55895.6,150,55895.4,240,55920,30,55923,30,55925,120,55929.2,30,55930,270,18,55911.0,660,480
2026-06-12T04:20:58.708,55903.2,90,55900,30,55893.6,90,55893,120,55892.8,90,55920,120,55923,30,55925,120,55930,210,55932.6,120,16.80000000000291,55911.6,420,600
2026-06-12T04:20:59.816,55903.2,90,55900,30,55893,120,55892.8,210,55892.6,30,55920,120,55923,30,55925,120,55930,210,55932.6,120,16.80000000000291,55911.6,480,600
2026-06-12T04:21:00.928,55903.2,90,55900,30,55897.2,60,55896.6,60,55896.4,30,55920,120,55923,30,55925,120,55930,210,55933.2,30,16.80000000000291,55911.6,270,510
2026-06-12T04:21:02.039,55903.2,90,55902,30,55896,30,55895.6,60,55895.4,30,55920,120,55923,30,55925,120,55930,210,55933,120,16.80000000000291,55911.6,240,600
2026-06-12T04:21:03.146,55903.2,120,55902,30,55897.6,60,55897.2,30,55897,150,55920,90,55923,30,55925,120,55930,210,55933.2,30,16.80000000000291,55911.6,390,480
2026-06-12T04:21:04.253,55903.2,90,55900,30,55893,120,55892.8,210,55892.6,30,55920,120,55923,30,55925,120,55930,210,55932.6,120,16.80000000000291,55911.6,480,600
2026-06-12T04:21:05.364,55903.2,120,55902,30,55899.6,60,55899,30,55898,30,55920,90,55923,30,55925,120,55930,210,55933.2,30,16.80000000000291,55911.6,270,480
2026-06-12T04:21:06.475,55903.2,90,55902,30,55900,60,55899.8,30,55899.2,30,55920,90,55923,30,55925,120,55930,210,55933.2,30,16.80000000000291,55911.6,240,480
2026-06-12T04:21:07.579,55903.2,90,55902,30,55900.8,120,55900.6,180,55900.4,330,55920,90,55923,30,55925,90,55930,210,55933.2,30,16.80000000000291,55911.6,750,450
2026-06-12T04:21:08.703,55903.8,30,55903.2,60,55902,90,55901.8,30,55900.8,150,55920,90,55923,30,55925,90,55930,210,55933.2,30,16.19999999999709,55911.9,360,450
2026-06-12T04:21:09.809,55894,90,55893,120,55892.2,30,55892,30,55890.8,120,55920,90,55923,30,55925,90,55929.8,270,55930,330,26,55907.0,390,810
2026-06-12T04:21:11.045,55894,90,55893,120,55892.2,30,55892,30,55890.8,120,55920,90,55923,30,55925,90,55929.8,270,55930,330,26,55907.0,390,810
2026-06-12T04:21:12.258,55908.4,30,55900.8,30,55894.2,120,55894,90,55893.2,120,55920,60,55923,30,55925,90,55929.8,120,55930,210,11.599999999998545,55914.2,390,510
2026-06-12T04:21:13.369,55908.4,30,55900.8,30,55894.2,120,55894,90,55893.6,120,55920,60,55923,30,55925,90,55929.8,120,55930,210,11.599999999998545,55914.2,390,510
2026-06-12T04:21:14.474,55903.2,120,55902,30,55899.6,60,55899,30,55898,30,55920,90,55923,30,55925,120,55930,210,55933.2,30,16.80000000000291,55911.6,270,480
2026-06-12T04:21:15.579,55908.4,90,55900.8,30,55894,90,55893.2,120,55893,120,55920,60,55923,30,55925,90,55929.8,120,55930,210,11.599999999998545,55914.2,450,510
2026-06-12T04:21:16.692,55908.4,90,55900.8,30,55894.2,120,55894,90,55893.2,120,55920,60,55923,30,55925,90,55929.8,120,55930,210,11.599999999998545,55914.2,450,510
2026-06-12T04:21:17.806,55921,30,55920,30,55908.4,90,55900.8,30,55894.6,120,55923,30,55925,90,55930,210,55932,150,55933,120,2,55922.0,300,600
2026-06-12T04:21:18.909,55921,90,55920,30,55908.4,30,55900.8,30,55895.8,30,55923,30,55925,90,55930,210,55933.2,30,55933.4,60,2,55922.0,210,420
2026-06-12T04:21:20.024,55921,90,55920,30,55908.4,30,55900.8,30,55895.8,30,55923,30,55925,90,55930,210,55933.2,30,55933.4,60,2,55922.0,210,420
2026-06-12T04:21:21.175,55908.4,90,55900.8,30,55894,90,55893.2,120,55893,120,55920,60,55923,30,55925,90,55929.8,120,55930,210,11.599999999998545,55914.2,450,510
2026-06-12T04:21:22.283,55921.2,60,55921,30,55920,30,55908.4,30,55900.8,30,55925,90,55930,210,55933.2,30,55933.4,60,55933.8,270,3.8000000000029104,55923.1,180,660
2026-06-12T04:21:23.410,55921.2,30,55921,30,55920,30,55908.4,30,55900.8,30,55925,60,55930,210,55931.6,270,55932.2,30,55933,30,3.8000000000029104,55923.1,150,600
2026-06-12T04:21:24.519,55922,30,55921,30,55920,30,55908.4,30,55900.8,30,55925,60,55930,210,55931.6,270,55932.2,30,55933,30,3,55923.5,150,600
2026-06-12T04:21:25.637,55922,30,55921,30,55908.4,30,55900.8,30,55900,30,55925,30,55930,210,55932.2,30,55933.2,60,55933.4,60,3,55923.5,150,390
2026-06-12T04:21:26.747,55908.4,30,55900.8,30,55900,30,55895.8,30,55893.2,180,55930,210,55932,120,55932.2,30,55933,120,55933.2,60,21.599999999998545,55919.2,300,540
2026-06-12T04:21:27.866,55908.4,30,55900.8,30,55900,30,55896,120,55895.8,30,55929.8,120,55930,210,55932,120,55932.2,30,55933.2,60,21.400000000001455,55919.100000000006,240,540
2026-06-12T04:21:28.986,55908.4,30,55900.8,30,55900,30,55896,120,55895.8,30,55929.8,120,55930,210,55932,120,55932.2,30,55933.2,60,21.400000000001455,55919.100000000006,240,540
2026-06-12T04:21:30.102,55900.8,30,55900,60,55892.6,120,55892.4,30,55892.2,120,55929.8,90,55930,210,55932,120,55932.2,30,55933.2,60,29.0,55915.3,360,510
2026-06-12T04:21:31.206,55900.8,30,55900,60,55893.4,120,55893.2,90,55892.6,120,55929.8,120,55930,210,55932,120,55932.2,30,55933.2,60,29.0,55915.3,420,540
2026-06-12T04:21:32.324,55900.8,30,55900,60,55893,120,55892.8,90,55892.6,120,55929.8,120,55930,210,55931.8,120,55932,150,55932.2,30,29.0,55915.3,420,630
2026-06-12T04:21:33.435,55900.8,30,55900,60,55893,120,55892.8,90,55892.6,120,55929.8,120,55930,210,55931.8,120,55932,150,55932.2,30,29.0,55915.3,420,630
2026-06-12T04:21:34.544,55900.8,30,55900,60,55893,120,55892.8,90,55892.6,120,55928.2,30,55929.8,120,55930,210,55931.8,120,55932,150,27.39999999999418,55914.5,420,630
2026-06-12T04:21:35.669,55900.8,30,55900,60,55892.2,120,55892,120,55891.6,120,55925,30,55928,120,55928.2,30,55929.8,120,55930,210,24.19999999999709,55912.9,450,510
2026-06-12T04:21:36.782,55900.8,30,55900,60,55892.2,120,55892,240,55891.8,30,55925,30,55928.2,30,55929.8,120,55930,210,55931.8,120,24.19999999999709,55912.9,480,510
2026-06-12T04:21:37.902,55900.8,30,55900,60,55893,120,55892.8,90,55892.6,120,55929.8,120,55930,210,55931.8,120,55932,150,55932.2,30,29.0,55915.3,420,630
2026-06-12T04:21:39.017,55901.8,60,55900.8,30,55900,60,55892.8,120,55892.6,90,55930,210,55931.8,120,55932,270,55932.2,30,55932.8,180,28.19999999999709,55915.9,360,810
2026-06-12T04:21:40.122,55901.8,60,55900.8,30,55900,60,55892.6,180,55892.4,210,55930,210,55931.8,120,55932,270,55932.2,30,55932.8,180,28.19999999999709,55915.9,540,810
2026-06-12T04:21:41.231,55900.8,30,55900,60,55892,30,55890.8,30,55889.8,90,55928.2,120,55928.4,180,55928.6,60,55930,210,55931.8,150,27.39999999999418,55914.5,240,720
2026-06-12T04:21:42.341,55901.8,60,55900.8,30,55900,60,55892.8,120,55892.6,90,55930,210,55931.8,120,55932,270,55932.2,30,55932.8,180,28.19999999999709,55915.9,360,810
2026-06-12T04:21:43.454,55900.8,30,55900,60,55892,30,55890.2,90,55888.2,120,55927.6,120,55927.8,60,55928.8,120,55929,120,55929.4,150,26.799999999995634,55914.2,330,570
2026-06-12T04:21:44.571,55900.8,30,55900,60,55892.2,120,55892,30,55889.2,120,55927.6,180,55927.8,180,55928,30,55929,120,55929.2,30,26.799999999995634,55914.2,360,540
2026-06-12T04:21:45.675,55901,30,55900,60,55893,30,55892.2,120,55892,30,55927.8,60,55928,30,55929,60,55929.2,120,55929.4,240,26.80000000000291,55914.4,270,510
2026-06-12T04:21:46.862,55901,30,55900,60,55893,30,55892.2,120,55892,30,55927.8,60,55928,30,55928.8,120,55929,60,55929.2,120,26.80000000000291,55914.4,270,390
2026-06-12T04:21:47.968,55901,30,55900,60,55893.2,120,55893,30,55892.4,120,55928,30,55930,1710,55931.2,150,55932,120,55932.2,150,27,55914.5,360,2160
2026-06-12T04:21:49.082,55900,60,55893.2,120,55893,30,55892.2,120,55892,30,55929.4,120,55929.6,60,55929.8,120,55930,1710,55931.2,150,29.400000000001455,55914.7,360,2160
2026-06-12T04:21:50.192,55900.8,30,55900,60,55892.2,120,55892,30,55889.2,120,55927.6,180,55927.8,180,55928,30,55929,120,55929.2,30,26.799999999995634,55914.2,360,540
2026-06-12T04:21:51.299,55902,30,55900,60,55893.2,120,55893,30,55892.2,120,55920.8,30,55925,30,55929.8,120,55930,1710,55931,120,18.80000000000291,55911.4,360,2010
2026-06-12T04:21:52.417,55902,30,55900,60,55893.2,120,55893,30,55892.2,120,55920.8,30,55925,30,55928,180,55929.8,120,55930,1710,18.80000000000291,55911.4,360,2070
2026-06-12T04:21:53.527,55902,30,55900,60,55893.2,120,55893,30,55892.2,120,55920.8,30,55925,30,55928,180,55929.8,120,55930,1710,18.80000000000291,55911.4,360,2070
2026-06-12T04:21:54.646,55902,30,55900,60,55895.8,120,55895.6,120,55895.4,120,55925,30,55928,180,55930,1710,55931.8,30,55932.2,150,23,55913.5,450,2100
2026-06-12T04:21:55.758,55902,30,55900,60,55895.4,90,55894.2,120,55894,60,55925,30,55928,180,55930,1710,55931.6,120,55931.8,30,23,55913.5,360,2070
2026-06-12T04:21:56.865,55902,30,55900,60,55895,120,55894.8,90,55893.2,120,55925,30,55928,180,55930,1710,55931.6,120,55931.8,30,23,55913.5,420,2070
2026-06-12T04:21:57.976,55903,30,55902,30,55900,60,55894.2,120,55894,90,55928,180,55930,1710,55931.2,120,55931.4,150,55931.6,120,25,55915.5,330,2280
2026-06-12T04:21:59.084,55903,30,55902,30,55901,30,55900,60,55894.8,120,55928,180,55930,1710,55930.4,60,55931,120,55931.2,150,25,55915.5,270,2220
2026-06-12T04:22:00.189,55903,30,55902,30,55901,30,55900,60,55895.2,90,55928,120,55930,1710,55930.4,60,55931,120,55931.2,150,25,55915.5,240,2160
2026-06-12T04:22:01.308,55903,60,55902,30,55901,30,55900,60,55896.2,210,55928,120,55930,1710,55930.4,60,55931,120,55931.2,150,25,55915.5,390,2160
2026-06-12T04:22:02.423,55903,60,55902,30,55901,30,55900,60,55898.6,90,55928,120,55930,1710,55931.8,30,55932.2,60,55932.4,60,25,55915.5,270,1980
2026-06-12T04:22:03.544,55902,30,55900,60,55895,120,55894.8,90,55893.2,120,55925,30,55928,180,55930,1710,55931.6,120,55931.8,30,23,55913.5,420,2070
2026-06-12T04:22:04.666,55903,60,55902,30,55901,30,55900,60,55896.2,210,55928,120,55930,1710,55930.4,60,55931,120,55931.2,150,25,55915.5,390,2160
2026-06-12T04:22:05.769,55903,30,55902,30,55901,30,55900.4,90,55900,60,55928,150,55930,1710,55933,120,55933.2,150,55933.4,150,25,55915.5,240,2280
2026-06-12T04:22:06.874,55903,30,55902,30,55901,30,55900,60,55894.8,120,55928,180,55930,1710,55930.4,60,55931,120,55931.2,150,25,55915.5,270,2220
2026-06-12T04:22:08.015,55903,30,55902,30,55901,120,55900,30,55894.4,120,55928,120,55930,1710,55933,120,55933.2,30,55934.4,120,25,55915.5,330,2100
2026-06-12T04:22:09.133,55903,30,55902,30,55901,120,55900,30,55894.4,120,55928,120,55930,1710,55933,120,55933.2,180,55934,120,25,55915.5,330,2250
2026-06-12T04:22:10.238,55903,60,55902,30,55901,30,55900,60,55898.6,90,55928,120,55930,1710,55931.8,30,55932.2,60,55932.4,60,25,55915.5,270,1980
2026-06-12T04:22:11.342,55905,60,55904,30,55901.4,90,55901,60,55900,30,55928,30,55930,1710,55932.4,180,55932.6,120,55932.8,150,23,55916.5,270,2190
2026-06-12T04:22:12.469,55905,60,55904,30,55901,60,55900.2,90,55900,30,55930,1710,55930.4,30,55930.8,150,55931.4,30,55931.6,30,25,55917.5,270,1950
2026-06-12T04:22:13.577,55905,60,55904,30,55901,60,55900.2,90,55900,30,55930,1710,55930.4,30,55930.8,150,55931.4,30,55931.6,30,25,55917.5,270,1950
2026-06-12T04:22:14.683,55905,60,55904,30,55901,60,55900,30,55897.6,90,55928.6,150,55928.8,30,55930,1710,55930.2,270,55930.4,60,23.599999999998545,55916.8,270,2220
2026-06-12T04:22:15.794,55905,60,55904,30,55901,60,55900,30,55898.8,90,55927.6,60,55927.8,180,55928,30,55928.2,90,55928.4,60,22.599999999998545,55916.3,270,420
2026-06-12T04:22:16.896,55905,60,55904,30,55901,90,55900,30,55898.8,90,55927.2,30,55927.6,60,55927.8,180,55928.2,90,55928.6,180,22.19999999999709,55916.1,300,540
2026-06-12T04:22:18.006,55905,30,55904,30,55901,90,55900,30,55899.8,90,55929.8,120,55930,1740,55930.2,90,55931.2,150,55931.8,180,24.80000000000291,55917.4,270,2280
2026-06-12T04:22:19.117,55906,60,55904,30,55901,90,55900.4,90,55900,30,55928.8,60,55929,150,55929.4,60,55929.8,120,55930,1740,22.80000000000291,55917.4,300,2130
2026-06-12T04:22:20.225,55906,60,55904,30,55901,90,55900.4,90,55900,30,55928.8,60,55929,150,55929.4,60,55929.8,120,55930,1740,22.80000000000291,55917.4,300,2130
2026-06-12T04:22:21.340,55906,60,55901,180,55892.2,120,55892,30,55889.4,120,55928,60,55928.6,30,55928.8,150,55929,30,55929.4,90,22,55917.0,510,360
2026-06-12T04:22:22.454,55906,60,55901,90,55900.4,90,55892.2,120,55892,30,55930,1890,55930.6,210,55931,30,55931.4,60,55931.8,120,24,55918.0,390,2310
2026-06-12T04:22:23.562,55906,60,55901,90,55900.4,90,55892.2,120,55892,30,55930,1890,55930.6,210,55931,30,55931.4,60,55931.8,120,24,55918.0,390,2310
2026-06-12T04:22:24.668,55906,60,55904,30,55901,90,55900.4,90,55900,30,55928.8,60,55929,150,55929.4,60,55929.8,120,55930,1740,22.80000000000291,55917.4,300,2130
2026-06-12T04:22:25.773,55906,60,55904,30,55901,90,55900.4,90,55900,30,55928.8,60,55929,150,55929.4,60,55929.8,120,55930,1740,22.80000000000291,55917.4,300,2130
2026-06-12T04:22:26.884,55905,60,55904,30,55901,90,55900,30,55898.8,90,55927.2,30,55927.6,60,55927.8,180,55928.2,90,55928.6,180,22.19999999999709,55916.1,300,540
2026-06-12T04:22:27.988,55906,60,55901,90,55900,30,55898.2,90,55892.2,120,55929.2,60,55929.4,150,55929.8,60,55930,1890,55930.2,60,23.19999999999709,55917.6,390,2220
2026-06-12T04:22:29.095,55906,60,55905,60,55902,90,55901,90,55900,30,55930,1710,55931,30,55931.2,150,55931.6,120,55932,30,24,55918.0,330,2040
2026-06-12T04:22:30.203,55906,60,55905,60,55902.8,90,55901,90,55900,30,55930,1740,55931,30,55931.2,150,55931.6,120,55932,30,24,55918.0,330,2070
2026-06-12T04:22:31.308,55906,60,55901,90,55900,30,55898.8,90,55892.2,120,55930,1890,55930.2,60,55930.4,180,55930.6,30,55931,90,24,55918.0,390,2250
2026-06-12T04:22:32.426,55906,60,55905,60,55903.2,90,55901,60,55900,30,55929,150,55929.4,150,55929.8,30,55930,1860,55930.2,60,23,55917.5,300,2250
2026-06-12T04:22:33.543,55906,60,55905,60,55903.2,90,55901,90,55900,30,55929,150,55930,1800,55930.6,60,55930.8,60,55931,30,23,55917.5,330,2100
2026-06-12T04:22:34.655,55906,60,55905,60,55902,90,55901,60,55900,30,55929.2,150,55929.4,120,55929.8,30,55930,1800,55930.4,30,23.19999999999709,55917.6,300,2130
2026-06-12T04:22:35.769,55906,60,55905,60,55901,30,55900,30,55896,120,55927.2,120,55927.6,30,55928.4,60,55928.6,30,55929,30,21.19999999999709,55916.6,300,270
2026-06-12T04:22:36.881,55906,60,55905,60,55901,30,55900,30,55898,90,55929.2,150,55929.4,120,55929.6,60,55929.8,30,55930,1740,23.19999999999709,55917.6,270,2100
2026-06-12T04:22:37.984,55906,60,55905,60,55901,30,55900,30,55897,90,55929.2,150,55929.4,120,55929.6,90,55929.8,30,55930,1770,23.19999999999709,55917.6,270,2160
2026-06-12T04:22:39.099,55907,60,55905,60,55901,30,55900,30,55895.8,90,55910.6,30,55928.2,60,55928.6,30,55929,30,55929.2,180,3.599999999998545,55908.8,270,330
2026-06-12T04:22:40.209,55907,60,55905,60,55901,30,55900,30,55896,90,55910.6,30,55928.6,30,55929.2,180,55929.4,120,55929.6,60,3.599999999998545,55908.8,270,420
2026-06-12T04:22:41.328,55907,60,55905,60,55901,30,55900,30,55896.6,90,55910.6,30,55925,60,55928.6,30,55929.2,150,55929.4,120,3.599999999998545,55908.8,270,390
2026-06-12T04:22:42.439,55906,60,55905,60,55903.2,90,55901,60,55900,30,55929,150,55929.4,150,55929.8,30,55930,1860,55930.2,60,23,55917.5,300,2250
2026-06-12T04:22:43.551,55906,60,55905,60,55901,30,55900,30,55896,120,55927.2,120,55927.6,30,55928.4,60,55928.6,30,55929,30,21.19999999999709,55916.6,300,270
2026-06-12T04:22:44.659,55907,60,55905,60,55901,30,55900,30,55896.6,90,55910.6,30,55925,60,55928.6,30,55929.2,150,55929.4,120,3.599999999998545,55908.8,270,390
2026-06-12T04:22:45.769,55905,60,55901,30,55900,180,55896.6,120,55896.4,90,55925,60,55930,1770,55931,30,55931.8,30,55932,150,20,55915.0,480,2040
2026-06-12T04:22:46.883,55905,60,55901,30,55900,180,55898.8,90,55894.2,120,55925,60,55930,1770,55931,30,55931.8,30,55932,150,20,55915.0,480,2040
2026-06-12T04:22:47.998,55905,60,55901,30,55900,180,55896.6,120,55896.4,90,55925,60,55930,1770,55931,30,55931.8,30,55932,150,20,55915.0,480,2040
2026-06-12T04:22:49.106,55905,30,55901,30,55900,180,55899.6,90,55894.8,120,55925,60,55930,1770,55931,30,55932,150,55934,30,20,55915.0,450,2040
2026-06-12T04:22:50.221,55906,30,55905,30,55901,30,55900,180,55898.2,120,55925,30,55930,1770,55931,30,55934,30,55934.2,150,19,55915.5,390,2010
2026-06-12T04:22:51.336,55906,30,55905,30,55901,30,55900,180,55898.2,150,55929.8,60,55930,1770,55930.8,30,55931,30,55932.4,30,23.80000000000291,55917.9,420,1920
2026-06-12T04:22:52.457,55906,30,55905,30,55901,30,55900,180,55898.4,210,55930,1770,55930.8,30,55931,30,55932.4,30,55933.6,60,24,55918.0,480,1920
2026-06-12T04:22:53.566,55906,30,55905,30,55901,30,55900,180,55898.4,210,55930,1770,55930.8,30,55931,30,55932.4,30,55933.6,60,24,55918.0,480,1920
2026-06-12T04:22:54.750,55906,30,55905,30,55901,30,55900,180,55898.2,120,55925,30,55930,1770,55931,30,55934,30,55934.2,150,19,55915.5,390,2010
2026-06-12T04:22:55.857,55907,90,55906,30,55905,30,55901,30,55900,180,55930,1740,55931,30,55934,30,55934.2,150,55934.4,120,23,55918.5,360,2070
2026-06-12T04:22:57.135,55908,30,55907,120,55906,30,55905,30,55901,30,55930,1680,55931,30,55934.2,150,55934.4,120,55934.6,60,22,55919.0,240,2040
2026-06-12T04:22:58.245,55908,60,55907,90,55906,30,55905,60,55901,30,55930,1680,55931,30,55934.2,150,55934.4,120,55934.6,60,22,55919.0,270,2040
2026-06-12T04:22:59.360,55908,60,55907,90,55905,60,55901,120,55900.2,120,55930,1650,55931,30,55934.2,150,55934.4,120,55934.6,60,22,55919.0,450,2010
2026-06-12T04:23:00.479,55908,60,55907,90,55905,60,55902.8,90,55901,30,55930,1590,55931,30,55934.2,150,55934.4,270,55934.6,60,22,55919.0,330,2100
2026-06-12T04:23:01.578,55908,60,55907,90,55905,60,55902,90,55901,30,55930,1620,55931,30,55934.4,270,55935,30,55936,30,22,55919.0,330,1980
2026-06-12T04:23:02.680,55908,60,55907,90,55905,60,55901.4,90,55901,30,55930,1620,55931,30,55934.4,270,55935,30,55936,30,22,55919.0,330,1980
2026-06-12T04:23:03.783,55908,60,55907,90,55906,30,55905,60,55901,30,55930,1680,55931,30,55934.2,150,55934.4,120,55934.6,60,22,55919.0,270,2040
2026-06-12T04:23:04.893,55908,60,55907,90,55905,60,55901.4,90,55901,30,55930,1620,55931,30,55934.4,270,55935,30,55936,30,22,55919.0,330,1980
2026-06-12T04:23:06.007,55908,30,55907,90,55905,60,55902.2,90,55901,30,55930,1590,55931,30,55934.4,270,55935,30,55936,30,22,55919.0,300,1950
2026-06-12T04:23:07.110,55907,90,55905,60,55904.8,90,55901,30,55900,180,55930,1590,55931,30,55934.4,60,55935,30,55936,30,23,55918.5,450,1740
2026-06-12T04:23:08.236,55908,60,55907,90,55905,60,55901.4,90,55901,30,55930,1620,55931,30,55934.4,270,55935,30,55936,30,22,55919.0,330,1980
2026-06-12T04:23:09.344,55907,90,55905,60,55904.8,90,55901,30,55900,180,55930,1590,55931,30,55934.4,60,55935,30,55936,30,23,55918.5,450,1740
2026-06-12T04:23:10.444,55907,90,55905,60,55903,90,55901,30,55900,180,55930,1560,55931,30,55934.2,120,55934.4,150,55934.8,120,23,55918.5,450,1980
2026-06-12T04:23:11.549,55907,90,55905,60,55902.2,90,55901,30,55900,180,55930,1560,55931,30,55935,90,55936,120,55936.2,120,23,55918.5,450,1920
2026-06-12T04:23:12.657,55907,90,55905,60,55902.2,90,55901,30,55900,180,55930,1560,55931,30,55934.8,120,55935,90,55935.8,120,23,55918.5,450,1920
2026-06-12T04:23:13.766,55907,90,55905,60,55901,120,55900,180,55898.4,120,55930,1560,55931,30,55934.4,150,55935,90,55935.8,120,23,55918.5,570,1950
2026-06-12T04:23:14.874,55907,90,55905,60,55904.8,90,55901,30,55900.2,120,55930,1560,55931,30,55935,30,55937,150,55937.6,120,23,55918.5,390,1890
2026-06-12T04:23:15.977,55907,90,55905,60,55901.2,90,55901,30,55900,180,55930,1590,55931,30,55935,30,55936.8,150,55937.4,60,23,55918.5,450,1860
2026-06-12T04:23:17.082,55907,90,55905,60,55901,120,55900,180,55898.4,120,55930,1620,55931,30,55935,30,55935.2,60,55936,120,23,55918.5,570,1860
2026-06-12T04:23:18.203,55907,90,55905,60,55901,30,55900.4,90,55900,180,55930,1620,55931,30,55935,30,55935.2,60,55936,120,23,55918.5,450,1860
2026-06-12T04:23:19.316,55907,120,55905,60,55902.6,30,55901.6,90,55901,30,55930,1590,55931,30,55935,30,55936.8,150,55937.6,60,23,55918.5,330,1860
2026-06-12T04:23:20.416,55907,120,55905,60,55903.6,90,55902.6,30,55901,30,55930,1650,55931,30,55935,30,55936.8,150,55937.6,60,23,55918.5,330,1920
2026-06-12T04:23:21.524,55907,120,55905.2,30,55905,60,55904.2,90,55901,90,55930,1650,55931,30,55935,30,55936.8,150,55937.6,60,23,55918.5,390,1920
2026-06-12T04:23:22.630,55907.2,60,55907,180,55906.2,90,55905,60,55902.4,120,55930,1650,55931,30,55935,30,55937.6,60,55938,360,22.80000000000291,55918.6,510,2130
2026-06-12T04:23:23.737,55907,120,55905,60,55902.6,30,55901.6,90,55901,30,55930,1590,55931,30,55935,30,55936.8,150,55937.6,60,23,55918.5,330,1860
2026-06-12T04:23:24.849,55907.2,90,55907,150,55906,90,55905,60,55901.4,180,55929,30,55930,1650,55931,30,55935,30,55938,360,21.80000000000291,55918.1,570,2100
2026-06-12T04:23:25.954,55907.2,90,55907,150,55905.8,90,55905,60,55902.2,60,55925,30,55929,240,55930,1650,55931,30,55935,30,17.80000000000291,55916.1,450,1980
2026-06-12T04:23:27.065,55907.4,30,55907,90,55906.2,90,55905,60,55902.6,30,55925,30,55929,240,55930,1710,55931,30,55935,30,17.599999999998545,55916.2,300,2040
2026-06-12T04:23:28.176,55925,30,55907.4,30,55907,90,55905.8,90,55905,60,55929,240,55930,1740,55931,30,55935,30,55938,360,4,55927.0,300,2400
2026-06-12T04:23:29.286,55925,60,55907,90,55906,90,55905,60,55903,60,55929,240,55930,1800,55931,30,55935,30,55938,360,4,55927.0,360,2460
2026-06-12T04:23:30.395,55925,30,55907,90,55906,90,55905,60,55903,60,55929,210,55930,1800,55931,30,55935,30,55938,360,4,55927.0,330,2430
2026-06-12T04:23:31.514,55907,90,55906,90,55905,60,55903,60,55902.4,210,55929,210,55930,1800,55931,30,55935,30,55938,360,22,55918.0,510,2430
2026-06-12T04:23:32.631,55908.4,90,55907,90,55905,60,55902.4,210,55901.8,30,55925,30,55929,210,55930,1800,55931,30,55935,30,16.599999999998545,55916.7,480,2100
2026-06-12T04:23:33.742,55907,180,55905,60,55901,30,55900,180,55898.8,120,55925,30,55929,210,55930,1800,55931,30,55934.8,120,18,55916.0,570,2190
2026-06-12T04:23:34.854,55907,180,55905,60,55901,30,55900,180,55898.8,120,55925,30,55929,210,55930,1800,55931,30,55934.8,120,18,55916.0,570,2190
2026-06-12T04:23:35.971,55907.4,30,55907,90,55906.2,90,55905,60,55902.6,30,55925,30,55929,240,55930,1710,55931,30,55935,30,17.599999999998545,55916.2,300,2040
2026-06-12T04:23:37.097,55925,30,55907,180,55905,60,55901.2,90,55901,120,55929,210,55930,1830,55935,30,55938,360,55939.2,120,4,55927.0,480,2550
2026-06-12T04:23:38.223,55908,90,55907,90,55905,60,55901,30,55900,180,55925,30,55929,210,55930,1800,55931,30,55935,30,17,55916.5,450,2100
2026-06-12T04:23:39.350,55905,60,55901,30,55900,180,55898.2,30,55894.8,30,55929,210,55930,1830,55933.4,120,55933.6,60,55933.8,120,24,55917.0,330,2340
2026-06-12T04:23:40.457,55925,30,55907,180,55905,60,55901.2,90,55901,120,55929,210,55930,1830,55935,30,55938,360,55939.2,120,4,55927.0,480,2550
2026-06-12T04:23:41.564,55905,60,55901,30,55900,180,55898.2,30,55894.2,150,55929,180,55930,1830,55931.2,120,55931.4,60,55931.6,120,24,55917.0,450,2310
2026-06-12T04:23:42.667,55905,120,55901.4,30,55901,60,55900,180,55898.4,120,55929,180,55930,1830,55934.8,120,55935,30,55936.2,120,24,55917.0,510,2280
2026-06-12T04:23:43.765,55905,120,55901.4,30,55901,60,55900,180,55898.4,120,55929,180,55930,1830,55934.8,120,55935,30,55936.2,120,24,55917.0,510,2280
2026-06-12T04:23:44.876,55905,90,55901.4,30,55901,30,55900,180,55899.8,30,55929,180,55930,1830,55934.8,120,55935,30,55936,120,24,55917.0,360,2280
2026-06-12T04:23:46.001,55905,90,55901.4,30,55901,30,55900.8,30,55900,180,55929,150,55930,1830,55934.8,120,55935,30,55936,120,24,55917.0,360,2250
2026-06-12T04:23:47.153,55905,90,55901.4,30,55901,30,55900.4,30,55900,180,55929,150,55930,1830,55934.8,120,55935,30,55935.4,120,24,55917.0,360,2250
2026-06-12T04:23:48.270,55905,30,55901.4,30,55901,60,55900,180,55898.2,30,55929,120,55930,1800,55934,120,55934.2,60,55934.8,120,24,55917.0,330,2220
2026-06-12T04:23:49.381,55905,30,55901.4,60,55901,30,55900,180,55898.2,30,55929,120,55930,1800,55934.8,120,55935,30,55935.4,120,24,55917.0,330,2190
2026-06-12T04:23:50.496,55905,120,55901.4,30,55901,60,55900,180,55898.4,120,55929,180,55930,1830,55934.8,120,55935,30,55936.2,120,24,55917.0,510,2280
2026-06-12T04:23:51.666,55905,120,55901.4,30,55901.2,30,55901,30,55900,180,55929,120,55930,1800,55934.8,120,55935,30,55935.4,120,24,55917.0,390,2190
2026-06-12T04:23:52.777,55905,150,55902.4,30,55901.4,30,55901,30,55900,180,55929,120,55930,1800,55934.8,120,55935,30,55935.4,120,24,55917.0,420,2190
2026-06-12T04:23:53.889,55905,150,55901.4,30,55901,30,55900.8,30,55900,180,55929,90,55930,1980,55934,120,55934.2,60,55934.8,120,24,55917.0,420,2370
2026-06-12T04:23:55.004,55905,150,55901.4,60,55901,30,55900,180,55896.4,120,55929,90,55930,1980,55934.4,120,55934.6,60,55934.8,120,24,55917.0,540,2370
2026-06-12T04:23:56.122,55905,150,55902.4,30,55901.4,30,55901,30,55900,180,55929,120,55930,1800,55934.8,120,55935,30,55935.4,120,24,55917.0,420,2190
2026-06-12T04:23:57.233,55905,150,55901.4,60,55901,30,55900,180,55896.2,30,55929,90,55930,1980,55934.4,120,55934.6,60,55934.8,120,24,55917.0,450,2370
2026-06-12T04:23:58.338,55905,150,55901.4,60,55901,30,55900,180,55896.4,120,55929,90,55930,1980,55934.4,120,55934.6,60,55934.8,120,24,55917.0,540,2370
2026-06-12T04:23:59.439,55905.2,90,55905,30,55901,30,55900,180,55896.8,30,55928.8,30,55929,150,55929.8,30,55930,2100,55930.2,30,23.60000000000582,55917.0,360,2340
2026-06-12T04:24:00.554,55905.4,60,55905.2,30,55905,180,55901,30,55900,180,55923.4,60,55924.4,60,55925.2,90,55925.4,60,55925.6,150,18.0,55914.4,480,420
2026-06-12T04:24:01.658,55905.4,120,55905,180,55901,30,55900,180,55892.2,30,55922.8,150,55923,60,55923.2,30,55923.4,90,55923.8,60,17.400000000001455,55914.100000000006,540,390
2026-06-12T04:24:02.837,55905.4,120,55905,180,55901,30,55900,180,55892.2,30,55920,60,55920.2,150,55921.2,120,55921.6,30,55922,60,14.599999999998545,55912.7,540,420
2026-06-12T04:24:03.951,55905.4,120,55905,180,55901,30,55900,180,55892,30,55920,60,55920.2,150,55920.8,60,55921.2,120,55921.4,30,14.599999999998545,55912.7,540,420
2026-06-12T04:24:05.104,55905,210,55901,30,55900,180,55892,30,55890,30,55917.2,30,55917.4,180,55917.6,60,55918.6,180,55919,30,12.19999999999709,55911.1,480,480
2026-06-12T04:24:06.225,55905,210,55901,30,55900,180,55892,30,55890,30,55919,30,55919.4,30,55919.6,60,55919.8,180,55920.6,60,14,55912.0,480,360
2026-06-12T04:24:07.328,55905,210,55901,30,55900,180,55892,30,55890,30,55919,30,55919.4,30,55919.6,60,55919.8,180,55920.6,60,14,55912.0,480,360
2026-06-12T04:24:08.440,55905.2,60,55905,180,55901,30,55900,180,55892,30,55917.2,30,55917.4,60,55918.4,90,55918.6,60,55918.8,90,12.0,55911.2,480,330
2026-06-12T04:24:09.559,55905.2,90,55905,180,55901,30,55900,180,55892,30,55917.2,30,55917.4,60,55918,30,55918.4,90,55918.6,60,12.0,55911.2,510,270
2026-06-12T04:24:10.679,55905.4,120,55905,180,55901,30,55900,180,55892.2,30,55920,60,55920.2,150,55921.2,120,55921.6,30,55922,60,14.599999999998545,55912.7,540,420
2026-06-12T04:24:11.788,55905.2,90,55905,180,55901,30,55900,180,55892,30,55905.4,30,55915,60,55916,90,55916.4,90,55917,60,0.20000000000436557,55905.3,510,330
2026-06-12T04:24:12.904,55890,30,55881.2,30,55881,60,55880.4,30,55880,180,55910.6,30,55910.8,60,55911,30,55911.4,60,55911.8,90,20.599999999998545,55900.3,330,270
2026-06-12T04:24:14.045,55893,30,55890,30,55881,60,55880,180,55879,30,55905.4,30,55908.6,60,55909.4,150,55909.6,90,55910,30,12.400000000001455,55899.2,330,360
2026-06-12T04:24:15.147,55905,210,55901,30,55900,180,55892,30,55890,30,55919,30,55919.4,30,55919.6,60,55919.8,180,55920.6,60,14,55912.0,480,360
2026-06-12T04:24:16.283,55893,30,55890,30,55881,60,55880,180,55879,30,55905.4,30,55908.6,60,55909.4,150,55909.6,60,55910,30,12.400000000001455,55899.2,330,330
2026-06-12T04:24:17.404,55893,30,55890,30,55881,60,55880,180,55879,30,55905.4,30,55908.6,60,55909.4,150,55909.6,60,55910,30,12.400000000001455,55899.2,330,330
2026-06-12T04:24:18.514,55890,30,55881.2,30,55881,60,55880.4,30,55880,180,55910.6,30,55910.8,60,55911,30,55911.4,60,55911.8,90,20.599999999998545,55900.3,330,270
2026-06-12T04:24:19.618,55893,30,55890,30,55881,60,55880,180,55879,30,55905.4,30,55905.6,30,55906.4,60,55906.6,60,55906.8,150,12.400000000001455,55899.2,330,330
2026-06-12T04:24:20.707,55893,30,55890,30,55881,60,55880,180,55879,30,55905.4,30,55906.4,60,55907.4,60,55907.6,30,55908.4,60,12.400000000001455,55899.2,330,240
2026-06-12T04:24:21.809,55893,30,55890,30,55881,60,55880,180,55879,30,55906.2,30,55906.4,60,55906.6,150,55907.2,30,55907.4,60,13.19999999999709,55899.6,330,330
2026-06-12T04:24:22.925,55893,30,55890,30,55881,60,55880,180,55879,30,55905.4,30,55905.6,60,55906,30,55906.2,30,55906.6,210,12.400000000001455,55899.2,330,360
2026-06-12T04:24:24.032,55890,30,55881,60,55880,180,55879,30,55875,60,55896.4,30,55896.6,120,55897.6,60,55899,90,55899.4,90,6.400000000001455,55893.2,360,390
2026-06-12T04:24:25.148,55881,60,55880,180,55879,30,55875,60,55871.2,30,55896.4,30,55896.6,60,55897,150,55897.4,30,55897.6,60,15.400000000001455,55888.7,360,330
2026-06-12T04:24:26.254,55881,60,55880,180,55879,30,55875,60,55871.2,30,55896.4,30,55896.6,60,55897,150,55897.4,30,55897.6,60,15.400000000001455,55888.7,360,330
2026-06-12T04:24:27.355,55881,60,55880,180,55879,30,55875,60,55871.2,30,55896.4,30,55896.6,60,55896.8,60,55897,150,55897.2,30,15.400000000001455,55888.7,360,330
2026-06-12T04:24:28.461,55881,60,55880,180,55879,30,55875,60,55871.4,120,55899.8,60,55900.2,30,55900.6,60,55902.2,180,55902.6,60,18.80000000000291,55890.4,450,390
2026-06-12T04:24:29.571,55881,60,55880,180,55879,30,55875,60,55871.4,120,55902,60,55903,60,55904.4,30,55904.8,60,55905,60,21,55891.5,450,270
2026-06-12T04:24:30.674,55902,30,55881,60,55880,180,55879.2,120,55879,30,55909.6,30,55909.8,60,55910,90,55910.2,30,55910.6,60,7.599999999998545,55905.8,420,270
2026-06-12T04:24:31.791,55881,60,55880,180,55879,30,55875,60,55871.4,120,55902,60,55903,60,55904.4,30,55904.8,60,55905,60,21,55891.5,450,270
2026-06-12T04:24:32.902,55881,60,55880,180,55879,30,55875,60,55871.4,120,55899.8,60,55900.2,30,55900.6,60,55902.2,180,55902.6,60,18.80000000000291,55890.4,450,390
2026-06-12T04:24:34.012,55881,30,55880,180,55879,30,55875.2,120,55875,60,55910,90,55911.8,60,55912,60,55912.2,150,55912.4,30,29,55895.5,420,390
2026-06-12T04:24:35.118,55881,30,55880,180,55879,30,55875.2,120,55875,60,55902,30,55910,90,55912,60,55912.4,30,55913,60,21,55891.5,420,270
2026-06-12T04:24:36.227,55881,30,55880,180,55879,30,55875.2,120,55875,60,55902,30,55910,90,55912,60,55912.4,30,55913,60,21,55891.5,420,270
2026-06-12T04:24:37.351,55881,30,55880,180,55879,30,55875.2,120,55875,60,55902,30,55910,90,55911.8,30,55912,60,55912.4,60,21,55891.5,420,270
2026-06-12T04:24:38.479,55881,60,55880,180,55879,30,55875.2,120,55875,60,55909.6,30,55909.8,60,55910,90,55910.2,30,55910.8,60,28.599999999998545,55895.3,450,270
2026-06-12T04:24:39.596,55881.2,120,55881,30,55880.6,120,55880.4,30,55880,180,55910,90,55918.8,30,55919.6,240,55919.8,90,55920,60,28.80000000000291,55895.6,480,510
2026-06-12T04:24:40.710,55882.6,120,55882.4,60,55882,120,55881.8,60,55881.6,60,55910,90,55919.6,240,55919.8,60,55920.2,60,55920.8,30,27.400000000001455,55896.3,420,480
2026-06-12T04:24:41.821,55885.4,120,55885.2,150,55885,60,55884.6,30,55883.8,120,55910,90,55923.8,60,55924,60,55924.6,60,55924.8,60,24.599999999998545,55897.7,480,330
2026-06-12T04:24:42.936,55885.4,60,55885.2,30,55884.6,30,55883,150,55882.8,150,55910,90,55922.4,150,55922.6,30,55923.8,60,55924,90,24.599999999998545,55897.7,420,420
2026-06-12T04:24:44.057,55881,30,55880,180,55879,30,55875.2,120,55875,60,55902,30,55910,90,55912,60,55912.4,30,55913,60,21,55891.5,420,270
2026-06-12T04:24:45.173,55885.4,30,55883.4,60,55882.6,120,55882.4,60,55882.2,120,55910,90,55920.8,60,55921.2,60,55921.8,90,55922,60,24.599999999998545,55897.7,390,360
2026-06-12T04:24:46.281,55881,30,55880,180,55879,30,55875.2,120,55875,60,55902,30,55910,90,55912,60,55912.4,30,55913,60,21,55891.5,420,270
2026-06-12T04:24:47.389,55885.4,60,55885.2,30,55884.6,30,55883,150,55882.8,150,55910,90,55922.4,150,55922.6,30,55923.8,60,55924,90,24.599999999998545,55897.7,420,420
2026-06-12T04:24:48.492,55885.4,30,55882,30,55880,180,55879,30,55876.2,120,55902,60,55910,90,55914.2,60,55914.6,180,55915.2,60,16.599999999998545,55893.7,390,450
2026-06-12T04:24:49.599,55885.4,30,55882,30,55880,180,55879,30,55876.2,120,55902,60,55905,30,55910,60,55914,60,55914.6,150,16.599999999998545,55893.7,390,360
2026-06-12T04:24:50.704,55885.4,30,55882,30,55880,180,55879.2,120,55879,30,55902,60,55910,90,55916.4,60,55916.8,30,55917.2,150,16.599999999998545,55893.7,390,390
2026-06-12T04:24:51.808,55886,60,55880.2,120,55880,180,55879.2,120,55879,30,55902,60,55905,30,55910,60,55917.4,30,55918.2,30,16,55894.0,510,210
2026-06-12T04:24:52.922,55885.4,30,55883.4,60,55882.6,120,55882.4,60,55882.2,120,55910,90,55920.8,60,55921.2,60,55921.8,90,55922,60,24.599999999998545,55897.7,390,360
2026-06-12T04:24:54.025,55886,30,55880.2,120,55880,30,55879.6,120,55879.4,390,55902,30,55905,30,55910,60,55918.2,30,55918.8,90,16,55894.0,690,240
2026-06-12T04:24:55.181,55886,30,55881.6,120,55881.4,150,55881.2,30,55880.8,150,55902,30,55905,30,55910,60,55918.8,30,55919.8,60,16,55894.0,480,210
2026-06-12T04:24:56.287,55886,30,55880,30,55879,30,55878.8,60,55878.2,30,55900,60,55902,30,55905,30,55910,60,55916.8,30,14,55893.0,180,210
2026-06-12T04:24:57.404,55886,30,55880,30,55879,30,55878.8,60,55878.2,30,55900,60,55902,30,55905,30,55910,60,55916.8,30,14,55893.0,180,210
2026-06-12T04:24:58.507,55879.6,60,55879.4,180,55879.2,90,55879,60,55878.8,330,55900,30,55902,30,55905,30,55910,60,55916.8,30,20.400000000001455,55889.8,720,180
2026-06-12T04:24:59.612,55879.6,60,55879.4,180,55879.2,90,55879,60,55878.8,330,55900,30,55902,30,55905,30,55910,60,55916.8,30,20.400000000001455,55889.8,720,180
2026-06-12T04:25:00.725,55879,30,55876,30,55875.2,30,55875,60,55873.8,150,55898.6,30,55900,30,55902,30,55905,30,55910,60,19.599999999998545,55888.8,300,180
2026-06-12T04:25:01.832,55879,30,55878.8,30,55878.4,60,55878,90,55877.8,60,55900,30,55902,30,55905,30,55910,60,55915.4,30,21,55889.5,270,180
2026-06-12T04:25:02.943,55886,30,55881.6,120,55881.4,150,55881.2,30,55880.8,150,55902,30,55905,30,55910,60,55918.8,30,55919.8,60,16,55894.0,480,210
2026-06-12T04:25:04.056,55886,30,55880,30,55879,30,55878.8,60,55878.2,30,55900,60,55902,30,55905,30,55910,60,55916.8,30,14,55893.0,180,210
2026-06-12T04:25:05.167,55886,30,55880,30,55879,30,55878.8,60,55878.2,30,55900,60,55902,30,55905,30,55910,60,55916.8,30,14,55893.0,180,210
2026-06-12T04:25:06.281,55887.4,30,55887.2,60,55887,270,55886.6,270,55886.2,60,55902,30,55905,60,55910,60,55920,60,55921.8,30,14.599999999998545,55894.7,690,240
2026-06-12T04:25:07.419,55885.4,30,55885.2,60,55885,60,55884.6,30,55884.4,120,55900,30,55902,30,55905,60,55910,60,55920,60,14.599999999998545,55892.7,300,240
2026-06-12T04:25:08.533,55885.4,30,55885.2,60,55885,60,55884.6,30,55884.4,120,55900,30,55902,30,55905,60,55910,60,55920,60,14.599999999998545,55892.7,300,240
2026-06-12T04:25:10.829,55887.4,30,55887.2,60,55887,270,55886.6,270,55886.2,60,55902,30,55905,60,55910,60,55920,60,55921.8,30,14.599999999998545,55894.7,690,240
2026-06-12T04:25:11.944,55886,60,55885,30,55879.8,60,55879,60,55878,120,55900,30,55902,30,55905,60,55910,60,55916.6,120,14,55893.0,330,300
2026-06-12T04:25:13.517,55885,30,55879.4,60,55879,30,55878.8,30,55877.6,120,55900,30,55902,30,55905,60,55910,60,55916.6,180,15,55892.5,270,360
2026-06-12T04:25:14.630,55885,30,55879.4,60,55879,30,55878.8,30,55877.6,120,55900,30,55902,30,55905,60,55910,60,55916.6,180,15,55892.5,270,360
2026-06-12T04:25:15.745,55885,30,55880,60,55879.4,30,55879.2,120,55879,150,55902,30,55905,60,55910,60,55918,120,55918.2,30,17,55893.5,390,300
2026-06-12T04:25:16.857,55885,30,55879.8,60,55879.2,30,55879,30,55878.8,120,55902,30,55905,60,55910,60,55917.2,120,55917.4,30,17,55893.5,270,300
2026-06-12T04:25:17.970,55886,60,55885,30,55879.8,60,55879,60,55878,120,55900,30,55902,30,55905,60,55910,60,55916.6,120,14,55893.0,330,300
2026-06-12T04:25:19.086,55879,30,55878,180,55877.8,150,55877.6,210,55877.4,150,55900,30,55905,30,55910,60,55916.6,120,55916.8,30,21,55889.5,720,270
2026-06-12T04:25:20.202,55885,30,55879.4,60,55879,30,55878.8,30,55877.6,120,55900,30,55902,30,55905,60,55910,60,55916.6,180,15,55892.5,270,360
2026-06-12T04:25:21.317,55880.4,120,55880.2,60,55879.8,120,55879.6,30,55879,150,55900,30,55905,30,55910,60,55918.2,120,55918.4,150,19.599999999998545,55890.2,480,390
2026-06-12T04:25:22.444,55886,120,55885.8,300,55884.8,120,55884.6,60,55884.2,90,55910,30,55920,60,55923,120,55923.2,60,55923.8,120,24,55898.0,690,390
2026-06-12T04:25:23.546,55886.2,30,55886,30,55885.4,120,55885.2,150,55885,60,55910,30,55920,60,55923,120,55923.2,60,55923.8,120,23.80000000000291,55898.1,390,390
2026-06-12T04:25:24.655,55905,60,55886.8,30,55886.4,120,55886.2,30,55886,120,55920,60,55923.2,60,55923.8,120,55924,30,55924.2,120,15,55912.5,360,390
2026-06-12T04:25:25.777,55905,90,55886.8,30,55885.4,120,55885.2,150,55885,60,55920,60,55923.2,60,55923.8,30,55924.2,120,55924.4,60,15,55912.5,450,330
2026-06-12T04:25:26.894,55905,90,55886.8,30,55885.2,120,55885,60,55884.8,120,55920,90,55923,120,55923.2,60,55923.6,120,55923.8,90,15,55912.5,420,480
2026-06-12T04:25:28.012,55905,60,55885.2,120,55885,60,55884.8,120,55884.6,60,55920,90,55923,120,55923.2,60,55923.6,120,55923.8,60,15,55912.5,420,450
2026-06-12T04:25:29.129,55905,60,55885.2,120,55885,60,55884.8,120,55884.6,60,55920,90,55923,120,55923.2,60,55923.6,120,55923.8,60,15,55912.5,420,450
2026-06-12T04:25:30.261,55905,30,55886,150,55885.8,150,55885.4,60,55885.2,30,55920,90,55923,120,55923.2,60,55923.6,120,55923.8,30,15,55912.5,420,420
2026-06-12T04:25:31.369,55905,30,55886.8,120,55886.6,30,55886.2,120,55886,120,55920,90,55923,120,55923.2,60,55923.6,120,55923.8,30,15,55912.5,420,420
2026-06-12T04:25:32.482,55905,30,55885.6,180,55885.4,150,55885.2,30,55884.8,240,55920,90,55923,120,55923.2,60,55923.6,120,55923.8,30,15,55912.5,630,420
2026-06-12T04:25:33.593,55905,30,55885.6,30,55884.6,120,55884.4,30,55884.2,120,55920,60,55923,120,55923.2,60,55923.6,120,55923.8,30,15,55912.5,330,390
2026-06-12T04:25:34.743,55905,30,55885.6,30,55884.2,120,55884,120,55883.6,120,55920,30,55922.6,120,55922.8,60,55923,120,55923.2,60,15,55912.5,420,390
2026-06-12T04:25:35.884,55905,30,55885.6,180,55885.4,150,55885.2,30,55884.8,240,55920,90,55923,120,55923.2,60,55923.6,120,55923.8,30,15,55912.5,630,420
2026-06-12T04:25:37.017,55883.4,30,55882.4,60,55881,360,55880.6,60,55880.2,60,55918,120,55918.2,150,55918.4,30,55918.6,30,55918.8,30,34.599999999998545,55900.7,570,360
2026-06-12T04:25:38.128,55905,30,55885.6,30,55884.6,120,55884.4,30,55884.2,120,55920,60,55923,120,55923.2,60,55923.6,120,55923.8,30,15,55912.5,330,390
2026-06-12T04:25:39.230,55882.6,30,55881,120,55880.8,30,55880.2,120,55880,150,55915,60,55918,120,55918.2,60,55918.8,120,55919,30,32.400000000001455,55898.8,450,390
2026-06-12T04:25:40.338,55882,30,55880,150,55879.8,30,55879.6,120,55879.4,270,55914.8,60,55915,60,55918.8,120,55919,150,55919.2,30,32.80000000000291,55898.4,600,420
2026-06-12T04:25:41.456,55882,30,55880,150,55879.8,30,55879.6,120,55879.4,270,55914.8,60,55915,60,55918.8,120,55919,150,55919.2,30,32.80000000000291,55898.4,600,420
2026-06-12T04:25:42.563,55881.2,120,55881,30,55880.4,120,55880.2,90,55880,150,55915,60,55918.8,120,55919,150,55919.2,30,55919.4,30,33.80000000000291,55898.1,510,390
2026-06-12T04:25:43.681,55881.2,30,55880.8,120,55880.6,90,55880.4,120,55880.2,30,55900,30,55915,30,55918,120,55918.2,30,55919.8,120,18.80000000000291,55890.6,390,330
2026-06-12T04:25:44.789,55881.2,60,55881,120,55880.8,30,55880.4,120,55880.2,90,55900,30,55915,30,55918,120,55918.2,30,55919.8,120,18.80000000000291,55890.6,420,330
2026-06-12T04:25:45.903,55881.8,120,55881.6,60,55880.6,120,55880.4,60,55880,90,55915,30,55919.6,120,55919.8,180,55920,90,55920.6,150,33.19999999999709,55898.4,450,570
2026-06-12T04:25:47.011,55881.2,30,55880.8,120,55880.6,90,55880.4,120,55880.2,30,55900,30,55915,30,55918,120,55918.2,30,55919.8,120,18.80000000000291,55890.6,390,330
2026-06-12T04:25:48.154,55881.8,30,55881.6,180,55881.4,30,55881.2,150,55881,30,55914.8,60,55915,30,55916,30,55919.8,120,55920,90,33.0,55898.3,420,330
2026-06-12T04:25:49.260,55881.8,30,55881.6,180,55881.4,30,55881.2,150,55881,30,55914.8,60,55915,30,55916,30,55919.8,120,55920,90,33.0,55898.3,420,330
2026-06-12T04:25:50.378,55886,120,55885.6,270,55885.2,390,55885,90,55884.8,120,55915,30,55919.8,120,55920,60,55921.4,120,55921.6,30,29,55900.5,990,360
2026-06-12T04:25:51.500,55886.4,30,55886.2,120,55886,60,55885.8,120,55885.6,210,55919.4,60,55919.8,120,55920,60,55922.2,120,55922.4,60,33.0,55902.9,540,420
2026-06-12T04:25:52.620,55886.2,180,55886,180,55885.6,240,55885.2,270,55885,90,55920,60,55922.2,120,55922.4,60,55922.6,120,55922.8,60,33.80000000000291,55903.1,960,420
2026-06-12T04:25:53.736,55886.2,180,55886,180,55885.6,240,55885.2,270,55885,90,55920,60,55922.2,120,55922.4,60,55922.6,120,55922.8,60,33.80000000000291,55903.1,960,420
2026-06-12T04:25:54.850,55882.4,120,55882.2,60,55882,120,55881.8,30,55881.6,60,55915,30,55919.6,120,55919.8,180,55920,90,55920.6,150,32.599999999998545,55898.7,390,570
2026-06-12T04:25:55.979,55885.6,60,55885,30,55883.8,180,55883.6,180,55883.4,60,55915,30,55919.8,120,55920,90,55920.4,120,55920.6,90,29.400000000001455,55900.3,510,450
2026-06-12T04:25:57.083,55886.6,120,55886.4,30,55886.2,120,55886,60,55885.8,90,55915,30,55918,30,55920,60,55924.8,120,55925,60,28.400000000001455,55900.8,420,300
2026-06-12T04:25:58.220,55887.8,150,55887.4,120,55887.2,30,55887,60,55886.6,30,55918,30,55920,60,55924.8,120,55925,60,55925.6,120,30.19999999999709,55902.9,390,390
2026-06-12T04:25:59.331,55886.6,120,55886.4,30,55886.2,120,55886,60,55885.6,150,55915,30,55918,30,55919.8,120,55920,60,55924.8,120,28.400000000001455,55900.8,480,360
2026-06-12T04:26:01.088,55884.6,60,55884.2,120,55884,210,55883.8,60,55883.4,60,55918,30,55919.8,120,55920,60,55921.6,120,55921.8,60,33.400000000001455,55901.3,510,390
2026-06-12T04:26:02.206,55885,30,55884.8,120,55884.6,60,55884.2,120,55884,90,55915,30,55919.8,120,55920,60,55921.6,120,55921.8,60,30,55900.0,420,390
2026-06-12T04:26:03.311,55885,30,55884.8,120,55884.6,60,55884.2,120,55884,90,55915,30,55919.8,120,55920,60,55921.6,120,55921.8,60,30,55900.0,420,390
2026-06-12T04:26:04.415,55882.6,90,55882.4,300,55881.4,120,55881.2,180,55881,60,55915,30,55919.8,120,55920,60,55920.4,120,55920.6,60,32.400000000001455,55898.8,750,390
2026-06-12T04:26:05.533,55882.8,120,55882.6,30,55882.4,90,55882.2,300,55881.2,180,55915,30,55919.8,120,55920,60,55920.4,120,55920.6,60,32.19999999999709,55898.9,720,390
2026-06-12T04:26:06.659,55888.4,120,55888.2,30,55888,120,55887.8,60,55887.4,180,55915,30,55920,60,55924.2,120,55924.4,30,55924.8,120,26.599999999998545,55901.7,510,360
2026-06-12T04:26:07.793,55883,300,55882.8,120,55882.6,30,55881.4,90,55881.2,180,55900,30,55914.8,120,55915,120,55919,120,55919.2,60,17,55891.5,720,450
2026-06-12T04:26:08.916,55882.8,120,55882.6,30,55881.8,90,55881.6,60,55881.4,60,55915,120,55919.6,120,55919.8,180,55920,60,55922.2,60,32.19999999999709,55898.9,360,540
2026-06-12T04:26:10.036,55885.4,120,55885.2,120,55885,90,55884.8,60,55884.6,60,55915,120,55919.8,120,55920,60,55922,120,55922.2,60,29.599999999998545,55900.2,450,480
2026-06-12T04:26:11.146,55885.8,30,55885.4,120,55885.2,150,55885,90,55884.8,60,55915,120,55919.8,120,55920,60,55922,120,55922.2,60,29.19999999999709,55900.4,450,480
2026-06-12T04:26:12.259,55882.6,90,55882.4,300,55881.4,120,55881.2,180,55881,60,55915,30,55919.8,120,55920,60,55920.4,120,55920.6,60,32.400000000001455,55898.8,750,390
2026-06-12T04:26:13.373,55886.4,90,55886.2,60,55886,120,55885.8,30,55885.6,300,55915,30,55919.8,120,55920,60,55922,120,55922.2,60,28.599999999998545,55900.7,600,390
2026-06-12T04:26:14.780,55886.8,90,55886.6,60,55886,120,55885.8,30,55885.6,300,55915,60,55919.8,120,55920,30,55924,120,55924.2,60,28.19999999999709,55900.9,600,390
2026-06-12T04:26:15.906,55886.8,30,55885.4,300,55884.8,120,55884.6,60,55884.4,90,55915,60,55919.8,120,55920,30,55924,120,55924.2,60,28.19999999999709,55900.9,600,390
2026-06-12T04:26:17.016,55886.8,30,55885.4,300,55884.8,120,55884.6,60,55884.4,90,55915,60,55919.8,120,55920,30,55924,120,55924.2,60,28.19999999999709,55900.9,600,390
2026-06-12T04:26:18.129,55886.8,30,55885.4,90,55885.2,300,55884.8,120,55884.6,120,55915,90,55919.8,120,55920,30,55924,120,55924.2,60,28.19999999999709,55900.9,660,420
2026-06-12T04:26:19.235,55886.8,30,55883,300,55881.4,90,55881.2,180,55881,120,55915,60,55919.8,120,55920,30,55921.8,120,55922,60,28.19999999999709,55900.9,720,390
2026-06-12T04:26:20.460,55887,30,55881.4,120,55881.2,180,55881,90,55880.8,90,55914.8,120,55915,60,55919.6,120,55919.8,60,55920,30,27.80000000000291,55900.9,510,390
2026-06-12T04:26:21.586,55886.8,30,55885.4,90,55885.2,300,55884.8,120,55884.6,120,55915,90,55919.8,120,55920,30,55924,120,55924.2,60,28.19999999999709,55900.9,660,420
2026-06-12T04:26:22.692,55887,30,55884.2,120,55884,60,55883.8,90,55883.6,30,55915,30,55919.8,120,55920,30,55921.8,120,55922,60,28,55901.0,330,360
2026-06-12T04:26:23.807,55887,30,55884,120,55883.8,60,55883.4,90,55883.2,60,55915,30,55919.8,120,55920,30,55921.8,120,55922,60,28,55901.0,360,360
2026-06-12T04:26:24.926,55887.2,150,55887,30,55885.2,120,55885,30,55884.8,420,55915,30,55919.8,120,55920,30,55921.8,120,55922,60,27.80000000000291,55901.1,750,360
2026-06-12T04:26:26.037,55887.2,150,55887,30,55885.4,120,55885.2,90,55885,60,55915,30,55919.8,120,55920,30,55921.8,120,55922,60,27.80000000000291,55901.1,450,360
2026-06-12T04:26:27.162,55889.4,90,55889.2,270,55889,420,55888.8,60,55888.6,30,55915,60,55920,30,55924.8,120,55925,30,55926.8,120,25.599999999998545,55902.2,870,360
2026-06-12T04:26:28.274,55889.4,30,55889.2,120,55889,30,55888.8,90,55888.6,60,55915,60,55920,30,55924.8,120,55925,30,55926.8,120,25.599999999998545,55902.2,330,360
2026-06-12T04:26:29.380,55889,30,55887.4,210,55887.2,330,55887,60,55886.8,180,55915,60,55920,30,55924.8,120,55925,30,55925.8,120,26,55902.0,810,360
2026-06-12T04:26:30.492,55891.2,30,55891,60,55890.4,30,55889.2,30,55889,60,55914,30,55915,60,55920,30,55924.8,120,55925,30,22.80000000000291,55902.6,210,270
2026-06-12T04:26:31.608,55889.2,30,55889,30,55888.4,30,55888.2,90,55888,90,55910,30,55914,30,55915,30,55920,30,55924.8,120,20.80000000000291,55899.6,270,240
2026-06-12T04:26:32.729,55889.2,30,55889,30,55888.4,30,55888.2,90,55888,90,55910,30,55914,30,55915,30,55920,30,55924.8,120,20.80000000000291,55899.6,270,240
2026-06-12T04:26:33.839,55889.4,30,55889.2,30,55889,30,55888.6,30,55888.4,150,55910,30,55914,30,55915,30,55920,30,55924.8,120,20.599999999998545,55899.7,270,240
2026-06-12T04:26:34.944,55887.2,150,55887,30,55885.4,120,55885.2,90,55885,60,55915,30,55919.8,120,55920,30,55921.8,120,55922,60,27.80000000000291,55901.1,450,360
2026-06-12T04:26:36.053,55890.8,30,55890,30,55889.4,60,55889.2,60,55889,240,55914,30,55915,30,55920,30,55924.8,120,55925,30,23.19999999999709,55902.4,420,240
2026-06-12T04:26:37.167,55914,30,55893.4,120,55893.2,120,55893,90,55892.8,30,55915,30,55920,30,55925,30,55928.8,120,55929,30,1,55914.5,390,240
2026-06-12T04:26:38.278,55914,60,55894.4,120,55894.2,90,55894,90,55893.8,120,55915,30,55920,30,55925,30,55928.8,120,55929,30,1,55914.5,480,240
2026-06-12T04:26:39.389,55914,60,55893.8,120,55893.4,60,55893.2,150,55893,150,55920,30,55925,30,55928.8,120,55929,30,55929.6,120,6,55917.0,540,330
2026-06-12T04:26:40.503,55914,60,55893.8,120,55893.4,60,55893.2,150,55893,150,55920,30,55925,30,55928.8,120,55929,30,55929.6,120,6,55917.0,540,330
2026-06-12T04:26:41.612,55914,60,55892.6,90,55892.4,60,55891.8,120,55891.6,180,55925,30,55928.8,120,55929,30,55929.6,120,55929.8,30,11,55919.5,510,330
2026-06-12T04:26:42.726,55914,60,55892.6,90,55892.4,60,55891.8,120,55891.6,180,55925,30,55928.8,120,55929,30,55929.6,120,55929.8,30,11,55919.5,510,330
2026-06-12T04:26:43.836,55914,60,55892.4,60,55891.8,90,55891.6,30,55891,120,55923,30,55925,30,55928.8,120,55929,30,55929.6,120,9,55918.5,360,330
2026-06-12T04:26:44.943,55920,30,55914,30,55890.8,120,55890.6,30,55889.4,90,55923,30,55925,30,55927.8,120,55928,60,55928.2,120,3,55921.5,300,360
2026-06-12T04:26:46.049,55920,30,55914,30,55893.4,30,55892.4,30,55892.2,120,55925,30,55927.8,120,55928,180,55928.2,30,55929,90,5,55922.5,240,450
2026-06-12T04:26:47.159,55920,30,55914,30,55893.4,30,55892.2,90,55892,30,55925,30,55928,180,55928.2,30,55928.8,120,55929,90,5,55922.5,210,450
2026-06-12T04:26:48.275,55920,30,55914,30,55894,30,55893.6,90,55893.4,30,55925,30,55929,30,55929.6,120,55929.8,210,55930,1860,5,55922.5,210,2250
2026-06-12T04:26:49.389,55920,60,55894,30,55893.8,120,55893.6,210,55893.4,90,55925,30,55928.8,120,55929,30,55929.6,120,55929.8,30,5,55922.5,510,330
2026-06-12T04:26:50.508,55920,60,55894,30,55893.6,120,55893.4,180,55893.2,180,55925,30,55928.8,120,55929,30,55929.6,120,55929.8,30,5,55922.5,570,330
2026-06-12T04:26:51.614,55920,60,55894,30,55893.4,30,55892.2,90,55892,150,55925,30,55928.8,120,55929,30,55929.6,120,55929.8,30,5,55922.5,360,330
2026-06-12T04:26:52.745,55920,60,55894,30,55893.4,30,55892.2,90,55892,150,55925,30,55928.8,120,55929,30,55929.6,120,55929.8,30,5,55922.5,360,330
2026-06-12T04:26:53.858,55920,60,55894,30,55893.6,120,55893.4,180,55893.2,180,55925,30,55928.8,120,55929,30,55929.6,120,55929.8,30,5,55922.5,570,330
2026-06-12T04:26:54.977,55894,30,55890.2,120,55890,90,55888.4,120,55888.2,240,55924.8,90,55925,30,55926.6,120,55926.8,30,55928,60,30.80000000000291,55909.4,600,330
2026-06-12T04:26:56.091,55894,30,55890,90,55888.2,30,55886.2,30,55885.6,60,55922.8,120,55923,60,55924.8,120,55925,30,55925.8,90,28.80000000000291,55908.4,240,420
2026-06-12T04:26:57.197,55894,30,55890,90,55888.6,90,55888.4,150,55888.2,360,55924.8,120,55925,30,55926.6,120,55926.8,30,55928,60,30.80000000000291,55909.4,720,360
2026-06-12T04:26:58.301,55883.6,120,55883.4,60,55882.6,120,55882.4,30,55881.2,360,55916.4,120,55916.6,60,55921.2,120,55921.4,60,55922.4,90,32.80000000000291,55900.0,690,450
2026-06-12T04:26:59.411,55882.4,30,55881.2,180,55879.8,150,55879.6,30,55879.4,60,55914.4,120,55914.6,60,55919,120,55919.2,60,55919.8,60,32.0,55898.4,450,420
2026-06-12T04:27:00.525,55881.8,30,55881.2,180,55880.4,120,55880.2,90,55879.6,30,55914.6,120,55914.8,60,55916.4,120,55916.6,30,55916.8,30,32.799999999995634,55898.2,450,360
2026-06-12T04:27:01.632,55882.2,30,55881.4,120,55881.2,180,55880.2,60,55879.4,30,55912.6,120,55912.8,60,55916.4,120,55916.6,30,55916.8,30,30.400000000001455,55897.399999999994,420,360
2026-06-12T04:27:02.742,55881.8,30,55881.2,180,55880.4,120,55880.2,90,55879.6,30,55914.6,120,55914.8,60,55916.4,120,55916.6,30,55916.8,30,32.799999999995634,55898.2,450,360
2026-06-12T04:27:03.847,55882.2,30,55881.4,120,55881.2,180,55880.2,60,55879.4,30,55912.6,120,55912.8,60,55916.4,120,55916.6,30,55916.8,30,30.400000000001455,55897.399999999994,420,360
2026-06-12T04:27:04.959,55882.2,30,55881.2,180,55879,30,55878.8,60,55876.4,120,55910.6,120,55910.8,60,55913.6,120,55913.8,30,55914,30,28.400000000001455,55896.399999999994,420,360
2026-06-12T04:27:06.064,55882.2,30,55881.2,180,55879.2,120,55879,30,55876.2,30,55911,120,55911.2,60,55914.6,120,55914.8,30,55915,30,28.80000000000291,55896.6,390,360
2026-06-12T04:27:07.181,55882.2,30,55881.2,180,55879,30,55876.2,30,55876,240,55911,120,55911.2,60,55914.2,120,55914.4,30,55914.6,30,28.80000000000291,55896.6,510,360
2026-06-12T04:27:08.294,55882.2,30,55881.2,180,55879,30,55876.2,30,55876,240,55911,120,55911.2,60,55914.2,120,55914.4,30,55914.6,30,28.80000000000291,55896.6,510,360
2026-06-12T04:27:09.411,55882.2,30,55881.2,180,55879,30,55876,120,55875.8,60,55910.4,120,55910.6,60,55913.8,120,55914,30,55914.2,30,28.200000000004366,55896.3,420,360
2026-06-12T04:27:10.524,55882.2,30,55881.2,180,55879.2,120,55879,30,55876.2,30,55911,120,55911.2,60,55914.6,120,55914.8,30,55915,30,28.80000000000291,55896.6,390,360
2026-06-12T04:27:11.639,55886.4,60,55881.2,180,55879,30,55875.2,30,55875,60,55908.8,120,55909,60,55909.2,120,55909.4,60,55909.6,30,22.400000000001455,55897.600000000006,360,390
2026-06-12T04:27:12.748,55886.4,60,55881.2,180,55879,30,55875.2,30,55875,60,55910,60,55910.2,60,55911.4,120,55911.6,60,55912.2,120,23.599999999998545,55898.2,360,420
2026-06-12T04:27:13.865,55886.4,60,55881.2,180,55879,30,55875.2,30,55875,60,55910,60,55910.2,60,55911.4,120,55911.6,60,55912.2,120,23.599999999998545,55898.2,360,420
2026-06-12T04:27:14.981,55886.4,60,55881.2,180,55879,30,55875.4,120,55875.2,120,55909.6,60,55911.4,120,55911.6,60,55912.2,120,55912.4,30,23.19999999999709,55898.0,510,390
2026-06-12T04:27:16.098,55886.4,60,55881.2,180,55879,30,55875.4,120,55875.2,120,55911.4,120,55911.6,60,55912.4,120,55912.6,90,55914,30,25.0,55898.9,510,420
2026-06-12T04:27:17.209,55886.4,60,55881.2,180,55879,30,55875.2,30,55875,60,55908.8,120,55909,60,55909.2,120,55909.4,60,55909.6,30,22.400000000001455,55897.600000000006,360,390
2026-06-12T04:27:18.312,55886.4,60,55881.2,180,55879,30,55875.4,120,55875.2,120,55908.8,90,55913.4,120,55913.6,60,55914,120,55914.2,30,22.400000000001455,55897.600000000006,510,420
2026-06-12T04:27:19.418,55886.4,60,55881.2,180,55879,30,55875.2,30,55875,60,55910,60,55910.2,60,55911.4,120,55911.6,60,55912.2,120,23.599999999998545,55898.2,360,420
2026-06-12T04:27:20.535,55886.4,60,55881.2,180,55879,30,55875.4,120,55875.2,120,55908.8,90,55913.2,120,55913.4,60,55914.2,120,55914.4,60,22.400000000001455,55897.600000000006,510,450
2026-06-12T04:27:21.653,55886.4,90,55881.2,180,55879,30,55875.2,30,55875,60,55908.8,60,55911,120,55911.2,60,55912,120,55912.2,60,22.400000000001455,55897.600000000006,390,420
2026-06-12T04:27:22.785,55886.4,60,55881.2,180,55879,30,55875.4,120,55875.2,120,55908.8,90,55913.4,120,55913.6,60,55914,120,55914.2,30,22.400000000001455,55897.600000000006,510,420
2026-06-12T04:27:23.896,55886.4,90,55881.2,180,55879,30,55875.4,90,55875.2,150,55908.8,30,55912.4,120,55912.6,210,55912.8,90,55913,90,22.400000000001455,55897.600000000006,540,540
2026-06-12T04:27:25.013,55886.4,90,55881.2,180,55879,30,55875.4,90,55875.2,150,55908.8,30,55912.4,120,55912.6,210,55912.8,90,55913,90,22.400000000001455,55897.600000000006,540,540
2026-06-12T04:27:26.116,55886.4,90,55881.2,180,55879,30,55875.2,30,55875,60,55908.8,60,55911,120,55911.2,60,55912,120,55912.2,60,22.400000000001455,55897.600000000006,390,420
2026-06-12T04:27:27.258,55886.4,90,55881.2,180,55879.2,90,55879,30,55875.4,120,55908.8,30,55912.6,120,55912.8,180,55913,30,55913.4,30,22.400000000001455,55897.600000000006,510,390
2026-06-12T04:27:28.368,55886.4,90,55881.2,180,55879,30,55875.2,30,55875,60,55900,300,55908.8,30,55914.6,120,55914.8,180,55915,60,13.599999999998545,55893.2,390,690
2026-06-12T04:27:29.485,55886.4,90,55881.4,120,55881.2,180,55879.2,90,55879,30,55908.8,30,55912.8,60,55913,30,55913.4,30,55913.6,120,22.400000000001455,55897.600000000006,510,270
2026-06-12T04:27:30.595,55886.6,90,55886.4,60,55882.8,60,55882.6,30,55882.4,180,55900,270,55908.8,60,55916.6,30,55916.8,30,55917,30,13.400000000001455,55893.3,420,420
2026-06-12T04:27:31.742,55887.8,120,55887.6,90,55887.4,210,55887.2,60,55887,60,55908.8,60,55923,30,55924.2,120,55924.4,150,55924.6,30,21.0,55898.3,540,390
2026-06-12T04:27:32.855,55892.2,90,55892,60,55891.8,90,55891.6,60,55891.4,150,55908.8,60,55923,30,55924.4,30,55924.6,30,55924.8,60,16.60000000000582,55900.5,450,210
2026-06-12T04:27:33.967,55892.4,30,55892.2,90,55891.4,60,55891.2,90,55891,30,55908.8,60,55923,30,55924.4,30,55924.6,30,55924.8,60,16.400000000001455,55900.600000000006,300,210
2026-06-12T04:27:35.089,55892.4,30,55892.2,90,55891.4,60,55891.2,90,55891,30,55908.8,60,55923,30,55924.4,30,55924.6,30,55924.8,60,16.400000000001455,55900.600000000006,300,210
2026-06-12T04:27:36.264,55892.4,60,55892.2,60,55889.4,90,55889.2,150,55889,60,55908.8,60,55923,30,55924.2,120,55924.4,150,55924.6,30,16.400000000001455,55900.600000000006,420,390
2026-06-12T04:27:37.381,55900,30,55892.4,30,55887.6,120,55887.4,30,55887,90,55923,30,55924.6,120,55924.8,150,55925,60,55926.4,60,23,55911.5,300,420
2026-06-12T04:27:38.516,55886.4,90,55881.2,180,55879,30,55875.6,120,55875.4,120,55900,300,55908.8,30,55914.6,120,55914.8,180,55915,60,13.599999999998545,55893.2,540,690
2026-06-12T04:27:40.017,55900,60,55893.8,120,55893.6,180,55893.4,90,55893.2,210,55924.8,30,55925,90,55929,30,55929.6,120,55929.8,150,24.80000000000291,55912.4,660,420
2026-06-12T04:27:41.137,55892.2,90,55892,60,55891.8,90,55891.6,60,55891.4,150,55908.8,60,55923,30,55924.4,30,55924.6,30,55924.8,60,16.60000000000582,55900.5,450,210
2026-06-12T04:27:42.256,55900.2,120,55895.8,180,55895.6,120,55895.4,210,55895.2,90,55924.8,30,55925,90,55929,30,55929.8,30,55930,1860,24.60000000000582,55912.5,720,2040
2026-06-12T04:27:43.373,55900.2,120,55895.8,180,55895.6,120,55895.4,210,55895.2,30,55924.8,30,55925,90,55929,30,55929.8,30,55930,1860,24.60000000000582,55912.5,660,2040
2026-06-12T04:27:44.502,55900.2,30,55896,60,55895.8,210,55895.2,150,55895,150,55924.8,30,55925,90,55928.8,120,55929,30,55929.6,120,24.60000000000582,55912.5,600,390
2026-06-12T04:27:45.615,55900.2,30,55896,60,55895.8,210,55895.2,150,55895,150,55924.8,30,55925,90,55928.8,120,55929,30,55929.6,120,24.60000000000582,55912.5,600,390
2026-06-12T04:27:46.725,55922.8,30,55893.4,30,55892.2,90,55892,30,55891.6,120,55923,60,55924.6,120,55924.8,150,55925,90,55929,30,0.19999999999708962,55922.9,300,450
2026-06-12T04:27:47.846,55922.8,30,55894.8,30,55893.6,90,55893.4,30,55892.2,120,55923,30,55924.8,30,55925,90,55928.8,120,55929,30,0.19999999999708962,55922.9,300,300
2026-06-12T04:27:48.961,55922.8,30,55894.8,30,55893.6,120,55893.4,120,55892.8,90,55923,30,55924.8,30,55925,90,55928.8,120,55929,30,0.19999999999708962,55922.9,390,300
2026-06-12T04:27:50.149,55922.8,30,55894.8,30,55893.6,120,55893.4,120,55892.8,90,55923,30,55924.8,30,55925,90,55928.8,120,55929,30,0.19999999999708962,55922.9,390,300
2026-06-12T04:27:51.270,55924.8,90,55900,90,55894,30,55892.8,90,55892.6,30,55925,90,55928.8,120,55929,30,55929.6,120,55929.8,30,0.19999999999708962,55924.9,330,390
2026-06-12T04:27:52.395,55900,90,55888.8,30,55887.4,30,55886.6,120,55886.4,30,55924.4,120,55924.6,60,55924.8,120,55925,120,55925.6,60,24.400000000001455,55912.2,300,480
2026-06-12T04:27:53.515,55900,90,55888.8,30,55886.6,120,55886.4,30,55886.2,90,55924,120,55924.2,60,55924.4,120,55924.6,90,55924.8,90,24,55912.0,360,480
2026-06-12T04:27:54.635,55922.8,30,55893.4,30,55892.2,90,55892,30,55891.6,120,55923,60,55924.6,120,55924.8,150,55925,90,55929,30,0.19999999999708962,55922.9,300,450
2026-06-12T04:27:55.748,55900,60,55888.8,30,55886.4,30,55883.4,120,55883.2,30,55921.8,120,55922,90,55922.2,120,55922.4,60,55922.6,90,21.80000000000291,55910.9,270,480
2026-06-12T04:27:56.887,55900,90,55888.8,30,55886.4,30,55884.6,30,55883.2,30,55921.8,120,55922,60,55922.2,120,55922.4,60,55922.6,60,21.80000000000291,55910.9,210,420
2026-06-12T04:27:58.005,55900,90,55888.8,30,55886.4,30,55883.4,120,55883.2,30,55921.8,120,55922,60,55922.2,120,55922.4,60,55922.6,120,21.80000000000291,55910.9,300,480
2026-06-12T04:27:59.138,55900,90,55889,120,55888.8,30,55886.6,120,55886.4,30,55922,30,55923.8,120,55924,60,55924.2,120,55924.4,60,22,55911.0,390,390
2026-06-12T04:28:00.256,55900,90,55889,120,55888.8,30,55886.6,120,55886.4,30,55922,30,55923.8,120,55924,60,55924.2,120,55924.4,60,22,55911.0,390,390
2026-06-12T04:28:01.372,55900.2,30,55900,60,55888.8,30,55886.6,120,55886.4,30,55923.8,120,55924,60,55924.2,120,55924.4,120,55925,180,23.60000000000582,55912.0,270,600
2026-06-12T04:28:02.478,55900.2,60,55900,30,55888.8,30,55886.4,30,55885,120,55923.2,120,55923.4,180,55923.6,60,55923.8,30,55924,90,23.0,55911.7,270,480
2026-06-12T04:28:03.594,55900.2,60,55900,30,55888.8,30,55886.6,120,55886.4,30,55920,30,55922.2,30,55922.6,30,55923,30,55923.4,120,19.80000000000291,55910.1,270,240
2026-06-12T04:28:04.704,55900,60,55888.8,30,55886.4,30,55883.4,120,55883.2,30,55921.8,120,55922,90,55922.2,120,55922.4,60,55922.6,90,21.80000000000291,55910.9,270,480
2026-06-12T04:28:05.819,55900.2,60,55900,30,55888.8,30,55886.6,120,55886.4,30,55920,60,55923.8,120,55924,180,55924.2,60,55924.8,60,19.80000000000291,55910.1,270,480
2026-06-12T04:28:06.939,55900.2,60,55900,30,55889,120,55888.8,30,55886.6,120,55920,30,55921,30,55923.8,120,55924,180,55924.2,60,19.80000000000291,55910.1,360,420
2026-06-12T04:28:08.049,55900.2,60,55900,30,55888.8,30,55886.6,120,55886.4,30,55920,60,55923.8,120,55924,180,55924.2,60,55924.8,60,19.80000000000291,55910.1,270,480
2026-06-12T04:28:09.168,55900.2,60,55900,30,55888.8,30,55886.6,120,55886.4,30,55920,30,55921,30,55923,120,55923.2,210,55923.4,30,19.80000000000291,55910.1,270,420
2026-06-12T04:28:10.303,55900.2,60,55900,30,55888.8,30,55886.6,120,55886.4,30,55920,30,55921,30,55923,120,55923.2,210,55923.4,30,19.80000000000291,55910.1,270,420
2026-06-12T04:28:11.414,55900.2,60,55900,30,55888.8,30,55886.6,120,55886.4,30,55920,30,55921,30,55923.8,120,55924,180,55924.4,120,19.80000000000291,55910.1,270,480
2026-06-12T04:28:12.584,55900.6,30,55900.4,30,55900.2,30,55900,30,55889,120,55920,30,55921,30,55924,120,55924.8,120,55925,210,19.400000000001455,55910.3,240,510
2026-06-12T04:28:13.709,55900.2,60,55900,30,55888.8,30,55886.6,120,55886.4,30,55920,30,55922.2,30,55922.6,30,55923,30,55923.4,120,19.80000000000291,55910.1,270,240
2026-06-12T04:28:14.819,55900.6,60,55900.4,30,55900,30,55888.8,30,55886.6,120,55921,30,55923.8,120,55924,240,55924.2,30,55924.8,60,20.400000000001455,55910.8,270,480
2026-06-12T04:28:15.928,55900.2,60,55900,30,55888.8,30,55886.6,120,55886.4,30,55920,30,55921,30,55923,120,55923.2,210,55923.4,30,19.80000000000291,55910.1,270,420
2026-06-12T04:28:17.062,55900.6,60,55900.4,30,55900,30,55889,120,55888.8,30,55921,30,55923.8,120,55924,90,55924.8,120,55925,270,20.400000000001455,55910.8,270,630
2026-06-12T04:28:18.177,55901,30,55900.8,30,55900.6,30,55900.4,30,55900,30,55920,120,55921,30,55924,30,55924.8,120,55925,150,19,55910.5,150,450
2026-06-12T04:28:19.284,55901,60,55900.8,30,55900.4,30,55900,30,55889,120,55920,120,55921,30,55924,30,55924.8,120,55925,150,19,55910.5,270,450
2026-06-12T04:28:20.396,55901,60,55900.8,30,55900.4,30,55900,30,55889,120,55920,150,55921,30,55923.8,120,55924,30,55924.8,120,19,55910.5,270,450
2026-06-12T04:28:21.514,55901,60,55900.8,30,55900.4,30,55900,30,55889,120,55920,150,55921,30,55923.8,120,55924,30,55924.8,120,19,55910.5,270,450
2026-06-12T04:28:22.639,55901,60,55900.8,30,55900.4,30,55900,30,55889,120,55920,150,55921,30,55924,30,55925,150,55926,120,19,55910.5,270,480
2026-06-12T04:28:23.753,55900.6,60,55900.4,30,55900,30,55889,120,55888.8,30,55921,30,55923.8,120,55924,90,55924.8,120,55925,270,20.400000000001455,55910.8,270,630
2026-06-12T04:28:24.879,55901,60,55900.8,30,55900,30,55888.8,30,55887,210,55915,120,55920,120,55921,30,55924,30,55924.8,120,14,55908.0,360,420
2026-06-12T04:28:25.991,55900.8,30,55900,30,55886.4,30,55886.2,30,55886,60,55901,240,55915,120,55920,120,55921,30,55923.8,120,0.19999999999708962,55900.9,180,630
2026-06-12T04:28:27.121,55900.8,30,55900,30,55889,30,55886.8,60,55886.4,60,55901,210,55915,120,55920,120,55921,30,55923.8,120,0.19999999999708962,55900.9,210,600
2026-06-12T04:28:28.248,55900.8,30,55900,30,55889,30,55886.8,90,55886.4,30,55901,210,55911,30,55915,120,55920,120,55921,30,0.19999999999708962,55900.9,210,510
2026-06-12T04:28:29.367,55900.8,30,55900,30,55889,30,55887.4,90,55886.8,90,55901,210,55911,30,55915,120,55920,150,55921,30,0.19999999999708962,55900.9,270,540
2026-06-12T04:28:30.486,55900,60,55889,30,55888,30,55887.6,90,55887.2,30,55901,210,55911,30,55915,120,55920,150,55921,30,1,55900.5,240,540
2026-06-12T04:28:31.616,55900,60,55889,30,55887.8,120,55887.6,60,55887.4,90,55901,210,55911,30,55915,120,55920,150,55921,30,1,55900.5,360,540
2026-06-12T04:28:32.731,55900,60,55889,30,55888,90,55887.8,60,55887.6,120,55901,180,55911,30,55915,120,55920,150,55921,30,1,55900.5,360,510
2026-06-12T04:28:33.844,55900,60,55889,30,55888,90,55887.8,60,55887.6,120,55901,180,55911,30,55915,120,55920,150,55921,30,1,55900.5,360,510
2026-06-12T04:28:34.955,55900,60,55889,30,55888,60,55887.6,120,55887,60,55901,150,55911,30,55915,120,55920,150,55920.8,120,1,55900.5,330,570
2026-06-12T04:28:36.059,55900.8,30,55900,30,55889,30,55886.8,60,55886.4,60,55901,210,55915,120,55920,120,55921,30,55923.8,120,0.19999999999708962,55900.9,210,600
2026-06-12T04:28:37.174,55889,30,55887.6,60,55886.8,120,55886.6,360,55886.4,180,55900,120,55901,150,55911,30,55915,120,55920,150,11,55894.5,750,570
2026-06-12T04:28:38.278,55889,30,55888.6,60,55888.2,60,55888,90,55887.8,30,55900,90,55901,150,55911,30,55915,120,55920,150,11,55894.5,270,540
2026-06-12T04:28:39.387,55889.2,60,55889,30,55888.6,60,55888.2,60,55888,180,55900,60,55901,150,55911,30,55915,120,55920,150,10.80000000000291,55894.6,390,510
2026-06-12T04:28:40.501,55889,30,55886.4,30,55886.2,30,55884.4,120,55884.2,120,55900,180,55901,150,55911,30,55919.4,120,55919.6,30,11,55894.5,330,510
2026-06-12T04:28:41.622,55889,30,55886.4,30,55881.8,240,55881.4,120,55881.2,240,55900,150,55901,150,55911,30,55916.6,120,55916.8,30,11,55894.5,660,480
2026-06-12T04:28:42.732,55900,60,55889,30,55888,90,55887.8,60,55887.6,120,55901,180,55911,30,55915,120,55920,150,55921,30,1,55900.5,360,510
2026-06-12T04:28:43.863,55889,30,55886.4,30,55882.6,30,55882.2,30,55881.8,120,55900,90,55901,150,55911,30,55916.6,120,55916.8,30,11,55894.5,240,420
2026-06-12T04:28:44.978,55900,60,55889,30,55888,60,55887.6,120,55887,60,55901,150,55911,30,55915,120,55920,150,55920.8,120,1,55900.5,330,570
2026-06-12T04:28:46.091,55889,30,55886.4,30,55882.6,60,55882.4,60,55882.2,90,55900,60,55901,150,55911,30,55918,120,55918.2,30,11,55894.5,270,390
2026-06-12T04:28:47.210,55889,30,55886.4,30,55881.2,180,55880.6,60,55880.4,30,55900,30,55901,150,55910.8,120,55911,30,55916.6,120,11,55894.5,330,450
2026-06-12T04:28:48.364,55889,30,55886.4,30,55881.2,180,55880.6,60,55880.2,30,55900,30,55901,150,55910.8,120,55911,30,55916.6,120,11,55894.5,330,450
2026-06-12T04:28:49.472,55889,60,55886.4,30,55881.2,180,55880,30,55879.6,30,55900,30,55901,150,55910.8,120,55911,30,55915.2,120,11,55894.5,330,450
2026-06-12T04:28:50.588,55889,60,55886.4,30,55881.2,180,55880,30,55879.6,90,55900,30,55901,150,55910.8,120,55911,30,55915.6,120,11,55894.5,390,450
2026-06-12T04:28:51.707,55889,60,55886.4,30,55881.2,180,55880,30,55879.6,90,55900,30,55901,150,55910.8,120,55911,30,55915.2,120,11,55894.5,390,450
2026-06-12T04:28:52.834,55889,60,55886.4,30,55881.2,180,55880,30,55879.8,60,55900,30,55901,150,55910.8,120,55911,30,55915.2,120,11,55894.5,360,450
2026-06-12T04:28:53.961,55889,120,55886.4,30,55881.2,180,55880,30,55879.6,90,55900,90,55901,150,55910.8,120,55911,30,55913.8,120,11,55894.5,450,510
2026-06-12T04:28:55.118,55889,60,55886.4,30,55881.2,180,55880,30,55879.6,90,55900,30,55901,150,55910.8,120,55911,30,55915.6,120,11,55894.5,390,450
2026-06-12T04:28:56.232,55886.4,30,55881.2,180,55880,30,55879,30,55875.8,30,55900,90,55901,150,55910.8,120,55911,30,55912.4,120,13.599999999998545,55893.2,300,510
2026-06-12T04:28:57.337,55886.4,30,55881.2,180,55880,30,55879,30,55875.2,30,55900,270,55901,150,55910.8,120,55911,30,55911.4,120,13.599999999998545,55893.2,300,690
2026-06-12T04:28:58.446,55886.4,30,55881.2,180,55880,30,55879,30,55875.2,30,55900,270,55901,150,55910.8,120,55911,150,55911.2,30,13.599999999998545,55893.2,300,720
2026-06-12T04:28:59.554,55881.2,180,55880,30,55879,30,55875.2,30,55875,60,55900,270,55901,150,55909.6,120,55909.8,30,55910.8,120,18.80000000000291,55890.6,330,690
2026-06-12T04:29:00.661,55881.2,180,55880,30,55879,30,55875.2,30,55875,60,55900,240,55901,150,55909.6,120,55909.8,30,55910.8,120,18.80000000000291,55890.6,330,660
2026-06-12T04:29:01.795,55881.2,150,55880,30,55879,30,55875.2,30,55875,60,55900,240,55901,150,55906.8,120,55907,90,55908.2,120,18.80000000000291,55890.6,300,720
2026-06-12T04:29:02.915,55881.2,150,55880,30,55879,30,55875.2,30,55875,60,55900,240,55901,150,55906.8,120,55907,60,55908.2,120,18.80000000000291,55890.6,300,690
2026-06-12T04:29:04.027,55881.2,150,55880,30,55879,30,55875.2,30,55875,60,55900,240,55901,150,55906.8,120,55907,60,55908.2,120,18.80000000000291,55890.6,300,690
2026-06-12T04:29:05.138,55881.2,150,55880,30,55879,30,55875.2,30,55875,60,55900,240,55901,150,55906.8,120,55907,60,55908.2,120,18.80000000000291,55890.6,300,690
2026-06-12T04:29:06.255,55881.2,150,55880,30,55879,30,55875.2,30,55875,60,55900,240,55901,150,55906.8,120,55907,90,55908.2,120,18.80000000000291,55890.6,300,720
2026-06-12T04:29:07.378,55880,60,55879,30,55875.2,30,55875,60,55873.2,60,55900,210,55906.8,120,55907,60,55908.2,120,55908.4,30,20,55890.0,240,540
2026-06-12T04:29:08.495,55881.2,150,55880,30,55879,30,55875.2,30,55875,60,55900,240,55901,150,55906.8,120,55907,60,55908.2,120,18.80000000000291,55890.6,300,690
2026-06-12T04:29:09.607,55881.2,180,55880,30,55879,30,55875.2,30,55875,60,55900,270,55901,150,55909.6,120,55909.8,30,55910.8,120,18.80000000000291,55890.6,330,690
2026-06-12T04:29:10.737,55880.8,30,55880,30,55879.6,60,55879,30,55878.6,240,55900,180,55910.8,120,55911,30,55915.2,120,55915.4,30,19.19999999999709,55890.4,390,480
2026-06-12T04:29:11.850,55880.8,30,55880,30,55879,30,55876.2,30,55875.6,60,55900,180,55910.8,120,55911,30,55913.8,120,55914,30,19.19999999999709,55890.4,180,480
2026-06-12T04:29:12.970,55880.8,30,55880,30,55879,30,55877.8,90,55876.6,120,55900,180,55910.8,120,55911,30,55913.8,120,55914,30,19.19999999999709,55890.4,300,480
2026-06-12T04:29:14.080,55881,60,55880,30,55879.4,60,55879,30,55877.8,30,55900,180,55910.8,120,55911,30,55916.8,120,55917,90,19,55890.5,210,540
2026-06-12T04:29:15.182,55881,60,55880,30,55879,30,55878.8,120,55878.2,120,55900,180,55910.8,120,55911,30,55913.8,120,55914,30,19,55890.5,360,480
2026-06-12T04:29:16.370,55881,60,55880,30,55879,30,55878.8,120,55878.2,120,55900,180,55910.8,120,55911,30,55913.8,120,55914,30,19,55890.5,360,480
2026-06-12T04:29:17.487,55881,60,55880,30,55879.6,60,55879,60,55878.8,180,55900,180,55910.8,120,55911,30,55915.2,120,55915.4,30,19,55890.5,390,480
2026-06-12T04:29:18.614,55881,60,55880.4,60,55880,60,55879.8,60,55879.4,30,55900,150,55910.8,120,55911,30,55915.2,120,55915.4,30,19,55890.5,270,450
2026-06-12T04:29:19.725,55881,60,55880,90,55879.4,30,55879.2,90,55879,30,55900,150,55910.8,120,55911,30,55915.2,120,55915.4,30,19,55890.5,300,450
2026-06-12T04:29:20.839,55881,60,55880,30,55879,30,55878.8,180,55878.6,60,55900,180,55910.8,120,55911,30,55915.2,120,55915.4,30,19,55890.5,360,480
2026-06-12T04:29:21.954,55881,60,55880,30,55879,30,55878.8,180,55878.6,60,55900,180,55910.8,120,55911,30,55915.2,120,55915.4,30,19,55890.5,360,480
2026-06-12T04:29:23.056,55881,60,55880,30,55879,30,55878.8,120,55878.6,60,55900,180,55910.8,120,55911,30,55913.8,120,55914,30,19,55890.5,300,480
2026-06-12T04:29:24.241,55881,60,55880,90,55879.4,30,55879.2,90,55879,30,55900,150,55910.8,120,55911,30,55915.2,120,55915.4,30,19,55890.5,300,450
2026-06-12T04:29:25.358,55881.2,60,55881,90,55880.4,30,55880,30,55879.8,60,55900,180,55910.8,120,55911,30,55916.8,120,55917,60,18.80000000000291,55890.6,270,510
2026-06-12T04:29:26.480,55880.2,30,55880,120,55879.4,60,55879.2,120,55879,90,55900,60,55911,30,55916.8,120,55917,180,55917.2,60,19.80000000000291,55890.1,420,450
2026-06-12T04:29:27.588,55880.6,30,55880.4,60,55880.2,60,55880,60,55879.8,30,55900,30,55911,30,55914.8,120,55915,30,55916.8,120,19.400000000001455,55890.3,240,330
2026-06-12T04:29:28.696,55881,60,55880,30,55879.6,30,55879.4,60,55879,30,55900,180,55911,30,55913.8,120,55914,30,55915.2,120,19,55890.5,210,480
2026-06-12T04:29:29.813,55880.6,30,55880,30,55879.8,60,55879.2,90,55879,30,55900,30,55911,30,55914.8,120,55915,30,55915.2,120,19.400000000001455,55890.3,240,330
2026-06-12T04:29:30.930,55880.6,30,55880,30,55879.8,60,55879.2,90,55879,30,55900,330,55910.8,120,55911,30,55913.8,120,55914,30,19.400000000001455,55890.3,240,630
2026-06-12T04:29:32.033,55880.6,30,55880,90,55879.8,60,55879.2,90,55879,30,55900,330,55911,30,55913.8,120,55914,30,55914.8,120,19.400000000001455,55890.3,300,630
2026-06-12T04:29:33.177,55880.6,30,55880,90,55879.8,60,55879.2,90,55879,30,55900,330,55910.8,120,55911,30,55914.8,120,55915,30,19.400000000001455,55890.3,300,630
2026-06-12T04:29:34.300,55880.6,30,55880,90,55879.8,60,55879.6,30,55879.2,120,55900,330,55911,30,55914.8,120,55915,30,55915.2,120,19.400000000001455,55890.3,330,630
2026-06-12T04:29:35.411,55880.6,30,55880,90,55879.8,60,55879.2,90,55879,30,55900,330,55910.8,120,55911,30,55914.8,120,55915,30,19.400000000001455,55890.3,300,630
2026-06-12T04:29:36.525,55882,60,55881,300,55880.6,270,55880.4,60,55880.2,120,55900,300,55910,60,55911,30,55914.8,120,55915,30,18,55891.0,810,540
2026-06-12T04:29:37.638,55882,60,55881,390,55880.6,300,55880.4,30,55880.2,90,55900,300,55910,60,55911,30,55914.8,120,55915,30,18,55891.0,870,540
2026-06-12T04:29:38.748,55882,60,55881,390,55880.6,300,55880.4,30,55880.2,90,55900,300,55910,60,55911,30,55914.8,120,55915,30,18,55891.0,870,540
2026-06-12T04:29:39.865,55882.6,60,55882,90,55881,300,55880.8,150,55880.6,300,55900,300,55910,60,55911,30,55914.8,120,55915,30,17.400000000001455,55891.3,900,540
2026-06-12T04:29:40.974,55880.6,30,55880,90,55879.8,60,55879.2,90,55879,30,55900,330,55911,30,55913.8,120,55914,30,55914.8,120,19.400000000001455,55890.3,300,630
2026-06-12T04:29:42.075,55880.8,30,55880.6,90,55880.2,90,55880,90,55879.8,60,55900,300,55909.8,120,55910,60,55910.8,120,55911,30,19.19999999999709,55890.4,360,630
2026-06-12T04:29:43.202,55880.8,30,55880.6,60,55880.2,90,55880,150,55879.8,90,55900,300,55909.8,120,55910,60,55910.8,120,55911,30,19.19999999999709,55890.4,420,630
2026-06-12T04:29:44.309,55880.8,30,55880.6,60,55880.4,30,55880.2,180,55880,90,55900,330,55909.8,120,55910,60,55910.8,120,55911,30,19.19999999999709,55890.4,390,660
2026-06-12T04:29:45.429,55882,60,55881,300,55880.6,270,55880.4,60,55880.2,120,55900,300,55910,60,55911,30,55914.8,120,55915,30,18,55891.0,810,540
2026-06-12T04:29:46.547,55881.2,30,55881,90,55880.6,60,55880.4,30,55880.2,90,55900,300,55910,60,55910.8,120,55911,30,55914.8,120,18.80000000000291,55890.6,300,630
2026-06-12T04:29:47.645,55880.6,60,55880.2,30,55879.8,30,55879,30,55878.8,30,55900,360,55909.8,120,55910,60,55910.8,120,55911,30,19.400000000001455,55890.3,180,690
2026-06-12T04:29:48.755,55880.6,60,55879.4,30,55879,60,55878.6,60,55878.4,30,55900,360,55909.8,120,55910,60,55910.8,120,55911,30,19.400000000001455,55890.3,240,690
2026-06-12T04:29:49.977,55880.6,60,55879.4,30,55879,60,55878.6,60,55878.4,30,55900,360,55909.8,120,55910,60,55910.8,120,55911,30,19.400000000001455,55890.3,240,690
2026-06-12T04:29:51.095,55880.8,30,55880.6,60,55880.4,30,55880.2,180,55880,90,55900,330,55909.8,120,55910,60,55910.8,120,55911,30,19.19999999999709,55890.4,390,660
2026-06-12T04:29:52.200,55880.8,30,55880.6,60,55880.4,30,55880.2,180,55880,90,55900,330,55909.8,120,55910,60,55910.8,120,55911,30,19.19999999999709,55890.4,390,660
2026-06-12T04:29:53.319,55879,30,55875.2,30,55875,60,55873.4,120,55873.2,90,55900,420,55909.6,120,55909.8,30,55910.2,120,55910.4,30,21,55889.5,330,720
2026-06-12T04:29:54.437,55879,30,55875.2,30,55875,60,55873.4,210,55873.2,30,55900,390,55909.6,120,55909.8,30,55910.6,120,55910.8,30,21,55889.5,360,690
2026-06-12T04:29:55.713,55879,30,55875.2,30,55875,60,55873.6,60,55873.4,120,55900,390,55909.6,150,55909.8,150,55911,30,55911.2,90,21,55889.5,300,810
2026-06-12T04:29:56.831,55879,30,55875.2,30,55875,60,55874.8,120,55873.8,180,55900,360,55909.6,150,55909.8,150,55911,30,55911.2,90,21,55889.5,420,780
2026-06-12T04:29:57.947,55879,30,55875.2,30,55875,60,55872.6,30,55872.4,60,55899.8,60,55900,360,55906.6,120,55906.8,180,55907,60,20.80000000000291,55889.4,210,780
2026-06-12T04:29:59.090,55879,30,55875.2,30,55875,60,55872.6,90,55872,30,55900,360,55906.8,120,55907,60,55908.2,120,55908.4,30,21,55889.5,240,690
2026-06-12T04:30:00.240,55879,30,55875.2,30,55875,60,55872.6,90,55872,30,55900,360,55906.8,120,55907,60,55908.2,120,55908.4,30,21,55889.5,240,690
2026-06-12T04:30:01.352,55879,30,55875.2,30,55875,60,55872.6,90,55872,30,55900,330,55906.8,120,55907,60,55908.2,120,55908.4,30,21,55889.5,240,660
2026-06-12T04:30:02.461,55879,30,55875.2,30,55875,60,55873.2,60,55872.6,30,55900,390,55909.6,120,55909.8,30,55910,120,55910.2,30,21,55889.5,210,690
2026-06-12T04:30:03.583,55879,30,55875.2,30,55875,60,55873.2,60,55872.6,30,55900,390,55909.6,120,55909.8,30,55910,120,55910.2,30,21,55889.5,210,690
2026-06-12T04:30:04.722,55879,30,55875.8,120,55875.4,120,55875.2,90,55875,180,55900,360,55910.8,120,55911,150,55911.2,30,55913.6,60,21,55889.5,540,720
2026-06-12T04:30:05.869,55875.4,30,55875.2,30,55875,60,55874,120,55873.6,270,55900,360,55910.8,120,55911,150,55911.2,30,55912.2,30,24.599999999998545,55887.7,510,690
2026-06-12T04:30:06.994,55875.2,30,55875,60,55874,120,55873.8,30,55873.6,300,55900,360,55910.8,120,55911,30,55911.6,120,55911.8,60,24.80000000000291,55887.6,540,690
2026-06-12T04:30:08.111,55879,30,55875.2,30,55875,60,55872.6,90,55872,30,55900,330,55906.8,120,55907,60,55908.2,120,55908.4,30,21,55889.5,240,660
2026-06-12T04:30:09.218,55876.4,120,55876,60,55875.8,30,55875.4,180,55875.2,90,55900,360,55910.8,120,55911,60,55912.4,120,55912.6,30,23.599999999998545,55888.2,480,690
2026-06-12T04:30:10.332,55876.4,120,55876,150,55875.8,30,55875.4,330,55875.2,90,55900,360,55909.4,120,55909.6,30,55910.8,120,55911,30,23.599999999998545,55888.2,720,660
2026-06-12T04:30:11.443,55880.6,60,55880.4,90,55879.8,30,55879.4,60,55878.8,90,55900,360,55909.4,120,55909.6,30,55910.8,120,55911,30,19.400000000001455,55890.3,330,660
2026-06-12T04:30:12.555,55885.6,30,55885.4,30,55884.2,30,55883.6,150,55883.2,300,55900,330,55911,30,55914.8,120,55915,30,55915.2,120,14.400000000001455,55892.8,540,630
2026-06-12T04:30:13.660,55885.2,90,55884.6,30,55884.2,120,55884,60,55883.6,180,55899,30,55900,330,55911,30,55914.8,120,55915,30,13.80000000000291,55892.1,480,540
2026-06-12T04:30:14.775,55885.6,90,55885,30,55884.8,90,55884.4,120,55884,210,55899,30,55900,330,55911,30,55914.8,120,55915,30,13.400000000001455,55892.3,540,540
2026-06-12T04:30:15.886,55885.6,90,55885,30,55884.8,90,55884.4,120,55884,210,55899,30,55900,330,55911,30,55914.8,120,55915,30,13.400000000001455,55892.3,540,540
2026-06-12T04:30:16.998,55886.4,60,55885.8,30,55885.4,30,55885.2,120,55885,60,55889.2,30,55899,30,55900,300,55911,30,55914.8,120,2.7999999999956344,55887.8,300,510
2026-06-12T04:30:18.116,55886.6,30,55886.4,60,55885.8,30,55885.4,30,55885.2,120,55899,30,55900,480,55911,30,55914.8,120,55915,30,12.400000000001455,55892.8,270,690
2026-06-12T04:30:19.246,55885.2,90,55884.6,30,55884.2,120,55884,60,55883.6,180,55899,30,55900,330,55911,30,55914.8,120,55915,30,13.80000000000291,55892.1,480,540
2026-06-12T04:30:20.362,55880.6,60,55880.4,90,55879.8,30,55879.4,60,55878.8,90,55900,360,55909.4,120,55909.6,30,55910.8,120,55911,30,19.400000000001455,55890.3,330,660
2026-06-12T04:30:21.466,55881.8,60,55881.6,90,55881.2,120,55881,150,55880.8,180,55900,480,55910.8,120,55911,30,55914.8,120,55915,30,18.19999999999709,55890.9,600,780
2026-06-12T04:30:22.575,55879.6,60,55879.4,120,55879.2,60,55879,30,55878.6,30,55900,480,55910.8,120,55911,30,55913.8,120,55914,30,20.400000000001455,55889.8,300,780
2026-06-12T04:30:23.682,55877.8,120,55877.4,60,55877.2,30,55877,60,55876.8,240,55900,480,55910.8,120,55911,30,55912.4,120,55912.6,30,22.19999999999709,55888.9,510,780
2026-06-12T04:30:24.782,55877,60,55876,30,55875.2,30,55875,60,55874.2,30,55900,480,55909.4,120,55909.6,30,55910.8,120,55911,30,23,55888.5,210,780
2026-06-12T04:30:25.890,55877.4,60,55876,30,55875.2,30,55875,60,55872.2,60,55899.8,60,55900,480,55906.4,120,55906.6,30,55906.8,120,22.400000000001455,55888.600000000006,240,810
2026-06-12T04:30:27.019,55886,30,55885.8,30,55885.2,120,55884.6,60,55884.2,210,55899,30,55900,480,55911,30,55914.8,120,55915,30,13,55892.5,450,690
2026-06-12T04:30:28.131,55877.4,60,55876,30,55875.2,30,55875,60,55872.4,60,55890,180,55899.6,120,55899.8,180,55900,300,55905.4,30,12.599999999998545,55883.7,240,810
2026-06-12T04:30:29.234,55877.4,60,55876,30,55875.2,30,55875,60,55872.8,60,55890,180,55899.8,60,55900,270,55905.2,120,55905.4,30,12.599999999998545,55883.7,240,660
2026-06-12T04:30:30.344,55877.4,60,55876,30,55875.2,30,55875,60,55872.4,60,55890,180,55899.6,120,55899.8,180,55900,300,55905.4,30,12.599999999998545,55883.7,240,810
2026-06-12T04:30:31.458,55877.4,60,55876,30,55875.8,120,55875.2,120,55875,90,55890,150,55900,270,55909.4,120,55909.6,30,55910.8,120,12.599999999998545,55883.7,420,690
2026-06-12T04:30:32.575,55879.4,60,55878.8,30,55878,150,55877.6,120,55877.4,420,55890,150,55900,270,55910.8,120,55911,30,55912.2,120,10.599999999998545,55884.7,780,690
2026-06-12T04:30:33.695,55877.4,60,55876,30,55875.2,30,55875,60,55872.4,60,55890,180,55899.6,120,55899.8,180,55900,300,55905.4,30,12.599999999998545,55883.7,240,810
2026-06-12T04:30:34.808,55885.4,30,55884.8,120,55884.6,210,55884.4,60,55884.2,240,55900,240,55911,30,55914.8,120,55915,30,55917.8,120,14.599999999998545,55892.7,660,540
2026-06-12T04:30:35.919,55885.4,30,55884.8,120,55884.6,210,55884.4,60,55884.2,240,55900,240,55911,30,55914.8,120,55915,30,55917.8,120,14.599999999998545,55892.7,660,540
2026-06-12T04:30:37.041,55877.4,30,55876,30,55875.2,30,55875,60,55874.6,30,55899,30,55900,240,55909.6,120,55909.8,30,55910.8,120,21.599999999998545,55888.2,180,540
2026-06-12T04:30:38.163,55877.4,90,55877.2,30,55876.4,180,55876.2,60,55876,120,55899,30,55900,240,55910.8,120,55911,30,55911.4,120,21.599999999998545,55888.2,480,540
2026-06-12T04:30:39.269,55877.4,90,55877.2,30,55876.4,180,55876.2,60,55876,120,55899,30,55900,240,55910.8,120,55911,30,55911.4,120,21.599999999998545,55888.2,480,540
2026-06-12T04:30:40.375,55877.4,60,55876,30,55875.8,30,55875.6,30,55875.2,180,55900,210,55910.8,120,55911,150,55911.2,30,55911.8,60,22.599999999998545,55888.7,330,570
2026-06-12T04:30:41.488,55877.4,30,55876,30,55875.2,30,55875,60,55874.6,30,55899,30,55900,240,55909.6,120,55909.8,30,55910.8,120,21.599999999998545,55888.2,180,540
2026-06-12T04:30:42.603,55875.2,60,55875,60,55874.4,60,55873.4,150,55873.2,90,55890,360,55900,150,55906.6,120,55906.8,30,55908,120,14.80000000000291,55882.6,420,780
2026-06-12T04:30:43.722,55877.4,60,55876.8,90,55876.2,30,55876,90,55875.6,90,55890,60,55900,150,55909.4,120,55909.6,30,55910.8,120,12.599999999998545,55883.7,360,480
2026-06-12T04:30:44.829,55877.8,30,55876,150,55875.8,150,55875.6,90,55875.4,150,55890,360,55900,150,55909.4,120,55909.6,30,55910.8,120,12.19999999999709,55883.9,570,780
2026-06-12T04:30:45.968,55884.8,180,55884.6,60,55884.4,60,55884.2,60,55884,90,55899,30,55900,240,55911,30,55914.8,120,55915,30,14.19999999999709,55891.9,450,450
2026-06-12T04:30:47.089,55880,30,55878.8,30,55878.6,60,55878.4,120,55878.2,60,55890,360,55900,150,55910.8,120,55911,60,55911.6,120,10,55885.0,300,810
2026-06-12T04:30:48.214,55875.2,30,55875,60,55873.4,30,55873.2,60,55873,30,55890,360,55900,150,55906.6,120,55906.8,30,55908,120,14.80000000000291,55882.6,210,780
2026-06-12T04:30:49.335,55877.8,30,55877.6,30,55876.2,60,55875.2,210,55875,90,55890,330,55900,150,55909.4,120,55909.6,30,55910.8,120,12.19999999999709,55883.9,420,750
2026-06-12T04:30:50.456,55877.8,30,55876.2,60,55875.6,30,55875.2,30,55875,120,55890,330,55900,150,55906.8,120,55907,60,55908,120,12.19999999999709,55883.9,270,780
2026-06-12T04:30:51.558,55877.8,30,55876.2,60,55876,90,55875.6,30,55875.2,90,55890,330,55900,150,55906.8,120,55907,60,55908,120,12.19999999999709,55883.9,300,780
2026-06-12T04:30:52.662,55877.8,30,55876.6,60,55875.2,30,55875,90,55872,30,55890,330,55899.8,120,55900,150,55905.2,120,55905.4,30,12.19999999999709,55883.9,240,750
2026-06-12T04:30:53.774,55877.8,30,55876.2,60,55876,90,55875.6,30,55875.2,90,55890,330,55900,150,55906.8,120,55907,60,55908,120,12.19999999999709,55883.9,300,780
2026-06-12T04:30:54.876,55877.8,30,55877,60,55875.2,30,55875,90,55872,120,55890,420,55899.8,120,55900,150,55905.2,120,55905.4,30,12.19999999999709,55883.9,330,840
2026-06-12T04:30:55.977,55877.8,30,55877,60,55875.2,30,55875,90,55872,120,55890,420,55899.8,120,55900,150,55905.2,120,55905.4,30,12.19999999999709,55883.9,330,840
2026-06-12T04:30:57.186,55877.4,60,55877,30,55875.2,30,55875,90,55874.2,30,55890,240,55899.8,120,55900,150,55906.6,120,55906.8,30,12.599999999998545,55883.7,240,660
2026-06-12T04:30:58.297,55877.4,60,55877,30,55875.2,30,55875,90,55874.2,30,55890,240,55899.8,120,55900,150,55906.6,120,55906.8,30,12.599999999998545,55883.7,240,660
2026-06-12T04:30:59.427,55884,60,55877.4,60,55875.2,30,55875,90,55874.4,30,55890,210,55900,150,55906.8,120,55907,60,55908,120,6,55887.0,270,660
2026-06-12T04:31:00.553,55884,90,55877.8,60,55875.2,30,55875,90,55874.4,120,55890,210,55900,150,55906.8,120,55907,60,55909.4,120,6,55887.0,390,660
2026-06-12T04:31:01.667,55877,60,55875.2,30,55875,90,55874.2,30,55873.4,30,55890,270,55900,150,55906.8,120,55907,60,55908,120,13,55883.5,240,720
2026-06-12T04:31:02.775,55884,120,55877.8,60,55875.2,30,55875,90,55874.4,30,55890,210,55900,150,55909.4,120,55909.6,30,55910.8,120,6,55887.0,330,630
2026-06-12T04:31:03.890,55884,120,55878.2,60,55875.2,30,55875,90,55874.4,30,55890,240,55900,150,55906.8,120,55907,60,55908,120,6,55887.0,330,690
2026-06-12T04:31:05.011,55884,120,55878.2,60,55875.2,30,55875,90,55874.4,30,55890,240,55900,150,55906.8,120,55907,60,55908,120,6,55887.0,330,690
2026-06-12T04:31:06.126,55884,120,55878.2,60,55875.2,30,55875,90,55872.2,60,55890,240,55900,240,55906.8,120,55907,60,55908,120,6,55887.0,360,780
2026-06-12T04:31:07.245,55884,120,55878.2,60,55875.2,30,55875,90,55874.4,30,55890,240,55900,150,55906.8,120,55907,60,55908,120,6,55887.0,330,690
2026-06-12T04:31:08.364,55884,90,55878.2,60,55875.2,30,55875,90,55872,30,55890,210,55900,240,55903.8,120,55904,30,55906.2,120,6,55887.0,300,720
2026-06-12T04:31:09.467,55884,90,55878.2,60,55875.2,30,55875,90,55872,30,55890,210,55900,240,55901.6,150,55903.8,120,55904,30,6,55887.0,300,750
2026-06-12T04:31:10.579,55884,90,55878.2,60,55875.2,30,55875,90,55872,30,55890,210,55900,240,55903.8,120,55904,60,55905.2,120,6,55887.0,300,750
2026-06-12T04:31:11.690,55884,90,55878.2,60,55875.2,30,55875,90,55872,30,55890,210,55900,240,55904.6,120,55904.8,30,55905.2,120,6,55887.0,300,720
2026-06-12T04:31:12.807,55878.2,60,55875.2,30,55875,90,55872,30,55871.2,30,55890,210,55899.8,120,55900,240,55902.4,120,55902.6,30,11.80000000000291,55884.1,240,720
2026-06-12T04:31:13.920,55884,30,55880,30,55878.2,60,55875.2,30,55875,90,55890,210,55899.8,120,55900,240,55903.8,120,55904,60,6,55887.0,240,750
2026-06-12T04:31:15.029,55884,30,55880,30,55878.2,60,55875.2,30,55875,90,55890,210,55899.8,120,55900,240,55903.8,120,55904,60,6,55887.0,240,750
2026-06-12T04:31:16.133,55880,60,55878.2,60,55875.2,30,55875,90,55872,30,55890,180,55899.8,120,55900,390,55903,120,55903.2,30,10,55885.0,270,840
2026-06-12T04:31:17.248,55880,60,55875.2,30,55875,90,55872,30,55871.2,30,55890,120,55899.8,120,55900,390,55902.2,120,55902.4,30,10,55885.0,240,780
2026-06-12T04:31:18.365,55880,60,55875.2,30,55875,90,55872,30,55871.2,30,55890,120,55899.8,120,55900,390,55902.2,120,55902.4,30,10,55885.0,240,780
2026-06-12T04:31:19.477,55880,60,55875.2,30,55875,90,55872,30,55871.2,30,55890,120,55898,30,55900,390,55901,120,55901.2,60,10,55885.0,240,720
2026-06-12T04:31:20.585,55884,90,55878.2,60,55875.2,30,55875,90,55872,30,55890,210,55900,240,55904.6,120,55904.8,30,55905.2,120,6,55887.0,300,720
2026-06-12T04:31:21.707,55880,60,55875.2,30,55875,90,55872,30,55871.2,30,55890,120,55898,30,55900,420,55902.4,120,55902.6,30,10,55885.0,240,720
2026-06-12T04:31:22.824,55880,30,55875.2,30,55875,90,55872,30,55871.2,30,55890,120,55898,30,55899.8,120,55900,420,55902.4,120,10,55885.0,210,810
2026-06-12T04:31:23.953,55880,90,55875.2,30,55875,90,55872,30,55871.2,30,55890,60,55898,30,55900,420,55905.2,120,55905.4,30,10,55885.0,270,660
2026-06-12T04:31:25.060,55880,90,55875.2,30,55875,90,55872,30,55871.2,30,55890,60,55898,30,55900,420,55905.2,120,55905.4,30,10,55885.0,270,660
2026-06-12T04:31:26.170,55880,90,55875.2,30,55875,90,55873.2,150,55873,120,55890,60,55898,30,55900,420,55907.8,120,55908,150,10,55885.0,480,780
2026-06-12T04:31:27.283,55880,90,55875.2,30,55875,90,55873.8,180,55873.2,150,55890,60,55898,30,55900,420,55907.8,120,55908,150,10,55885.0,540,780
2026-06-12T04:31:28.396,55880.4,60,55880,30,55875.2,30,55875,90,55873.8,180,55890,30,55898,30,55900,420,55907.8,120,55908,30,9.599999999998545,55885.2,390,630
2026-06-12T04:31:29.500,55880.4,90,55880,30,55875.2,30,55875,90,55873.2,240,55890,30,55898,30,55900,420,55907.8,120,55908,150,9.599999999998545,55885.2,480,750
2026-06-12T04:31:30.609,55880.8,60,55880.4,30,55880,30,55875.2,30,55875,90,55890,30,55898,30,55900,420,55906.8,120,55907,60,9.19999999999709,55885.4,240,660
2026-06-12T04:31:31.727,55880.8,90,55880,30,55875.2,30,55875,90,55872,30,55890,30,55898,30,55900,420,55906.8,120,55907,60,9.19999999999709,55885.4,270,660
2026-06-12T04:31:32.846,55880.8,90,55880,30,55875.2,30,55875,90,55872,30,55890,30,55898,30,55900,420,55906.8,120,55907,60,9.19999999999709,55885.4,270,660
2026-06-12T04:31:33.955,55890,60,55881.2,60,55880,30,55875.2,30,55875,90,55900,420,55910.8,120,55911,60,55911.6,120,55911.8,60,10,55895.0,270,780
2026-06-12T04:31:35.075,55890,60,55881.2,60,55880,30,55875.2,30,55875,90,55900,420,55910.4,120,55910.6,30,55910.8,120,55911,30,10,55895.0,270,720
2026-06-12T04:31:36.195,55880,90,55875.2,30,55875,90,55873.8,180,55873.2,150,55890,60,55898,30,55900,420,55907.8,120,55908,150,10,55885.0,540,780
2026-06-12T04:31:37.299,55890,30,55881.6,60,55880,30,55875.2,30,55875,90,55900,390,55909.6,120,55909.8,30,55910.8,120,55911,30,10,55895.0,240,690
2026-06-12T04:31:38.410,55890,30,55884.6,30,55881.6,60,55880,30,55875.2,30,55900,390,55909.6,120,55909.8,30,55910.8,120,55911,30,10,55895.0,180,690
2026-06-12T04:31:39.532,55880.8,90,55880,30,55875.2,30,55875,90,55872,30,55890,30,55898,30,55900,420,55906.8,120,55907,60,9.19999999999709,55885.4,270,660
2026-06-12T04:31:40.642,55890,30,55884.6,30,55882,60,55880,30,55875.2,30,55900,300,55904.2,30,55906.6,120,55906.8,150,55907,60,10,55895.0,180,660
2026-06-12T04:31:41.759,55890,30,55884.6,30,55882,60,55880,30,55875.2,30,55900,330,55904.8,120,55905,30,55906.6,120,55906.8,30,10,55895.0,180,630
2026-06-12T04:31:42.878,55881.2,60,55880.8,30,55880,30,55875.2,30,55875,90,55890,30,55898,30,55900,420,55906.8,120,55907,60,8.80000000000291,55885.6,240,660
2026-06-12T04:31:43.980,55890,30,55884.6,30,55882,60,55880,30,55875.2,30,55900,330,55904.8,120,55905,30,55906.6,120,55906.8,30,10,55895.0,180,630
2026-06-12T04:31:45.092,55884.6,30,55882,60,55880,30,55875.2,30,55875,60,55900,300,55904.4,120,55904.6,30,55906.8,120,55907,60,15.400000000001455,55892.3,210,630
2026-06-12T04:31:46.217,55890,30,55884.6,30,55882,60,55880,30,55875.2,30,55900,300,55904.6,30,55906.4,120,55906.6,30,55906.8,120,10,55895.0,180,600
2026-06-12T04:31:47.328,55890,30,55884.6,30,55881.6,60,55880,30,55875.2,30,55900,390,55909.6,120,55909.8,30,55910.8,120,55911,30,10,55895.0,180,690
2026-06-12T04:31:48.440,55890,30,55884.6,30,55882,60,55880,30,55875.2,30,55900,120,55906.6,60,55906.8,30,55907,60,55907.2,120,10,55895.0,180,390
